
  <record>
    <datafield atag="999" ind1=" " ind2=" ">
      <subfield code="9">Marcello Maggi</subfield>
      <subfield code="c">3445064411</subfield>
      <subfield code="s">306847080</subfield>
    </datafield>
    <datafield atag="980" ind1=" " ind2=" ">
      <subfield code="a">Real Data MINI Year 1999</subfield>
    </datafield>
    <datafield atag="856" ind1="4" ind2=" ">
      <subfield code="u">irods://data.repo.cineca.it:1247/CINECA01/home/EUDAT_STAFF/Aleph_Test/ZD4000.14.AL</subfield>
      <subfield code="y">EUDAT</subfield>
    </datafield>
    <datafield atag="856" ind1="4" ind2=" ">
      <subfield code="u">rfio:/castor/cern.ch/aleph/data/ZD4000.14.AL</subfield>
      <subfield code="y">CERN</subfield>
    </datafield>
    <datafield atag="710" ind1=" " ind2=" ">
      <subfield code="g">ALEPH Collaboration</subfield>
    </datafield>
    <datafield atag="245" ind1=" " ind2=" ">
      <subfield code="9">ALEPH</subfield>
      <subfield code="a">LEP2 Data from The ALEPH Collaboration</subfield>
    </datafield>
    <datafield atag="024" ind1="7" ind2=" ">
      <subfield code="2">Handle</subfield>
      <subfield code="a">11100/8c3c0040-be6c-11e3-bfec-e41f13eb41b2
</subfield>
    </datafield>
    <datafield atag="269" ind1=" " ind2=" ">
      <subfield code="c">1999</subfield>
    </datafield>
    <datafield atag="520" ind1=" " ind2=" ">
      <subfield code="9">ALEPH</subfield>
      <subfield code="h">Run contents for this data file &lt;table border=&quot;1&quot;&gt; &lt;tr&gt; &lt;th&gt;Run #&lt;/th&gt;&lt;th&gt;Nevents&lt;/th&gt;&lt;th&gt;Length (Mb)&lt;/th&gt;&lt;th&gt;LEP energy&lt;/th&gt;&lt;th&gt;Nb of Z0s&lt;/th&gt;&lt;/tr&gt; &lt;tr&gt; &lt;td&gt;49321&lt;/td&gt;&lt;td&gt;11556&lt;/td&gt;&lt;td&gt;50.259&lt;/td&gt;&lt;td&gt;91.220&lt;/td&gt;&lt;td&gt;1443&lt;/td&gt;&lt;/tr&gt; &lt;tr&gt; &lt;td&gt;49322&lt;/td&gt;&lt;td&gt;10502&lt;/td&gt;&lt;td&gt;46.749&lt;/td&gt;&lt;td&gt;91.225&lt;/td&gt;&lt;td&gt;1372&lt;/td&gt;&lt;/tr&gt; &lt;tr&gt; &lt;td&gt;49323&lt;/td&gt;&lt;td&gt;9344&lt;/td&gt;&lt;td&gt;41.345&lt;/td&gt;&lt;td&gt;91.221&lt;/td&gt;&lt;td&gt;1220&lt;/td&gt;&lt;/tr&gt; &lt;tr&gt; &lt;td&gt;49324&lt;/td&gt;&lt;td&gt;6941&lt;/td&gt;&lt;td&gt;31.131&lt;/td&gt;&lt;td&gt;91.213&lt;/td&gt;&lt;td&gt;938&lt;/td&gt;&lt;/tr&gt; &lt;tr&gt; &lt;td&gt;49326&lt;/td&gt;&lt;td&gt;11906&lt;/td&gt;&lt;td&gt;48.382&lt;/td&gt;&lt;td&gt;91.289&lt;/td&gt;&lt;td&gt;1293&lt;/td&gt;&lt;/tr&gt; &lt;tr&gt; &lt;td&gt;49327&lt;/td&gt;&lt;td&gt;11840&lt;/td&gt;&lt;td&gt;54.298&lt;/td&gt;&lt;td&gt;91.235&lt;/td&gt;&lt;td&gt;1567&lt;/td&gt;&lt;/tr&gt; &lt;tr&gt; &lt;td&gt;49328&lt;/td&gt;&lt;td&gt;11707&lt;/td&gt;&lt;td&gt;59.040&lt;/td&gt;&lt;td&gt;91.230&lt;/td&gt;&lt;td&gt;1764&lt;/td&gt;&lt;/tr&gt; &lt;tr&gt;&lt;/table&gt; Total file length :   305.594 Mbytes</subfield>
    </datafield>
  </record>