
  <record>
    <datafield atag="999" ind1=" " ind2=" ">
      <subfield code="9">Marcello Maggi</subfield>
      <subfield code="c">3445064411</subfield>
      <subfield code="s">306847080</subfield>
    </datafield>
    <datafield atag="980" ind1=" " ind2=" ">
      <subfield code="a">Real Data MINI Year 1999</subfield>
    </datafield>
    <datafield atag="856" ind1="4" ind2=" ">
      <subfield code="u">irods://data.repo.cineca.it:1247/CINECA01/home/EUDAT_STAFF/Aleph_Test/ZD4000.16.AL</subfield>
      <subfield code="y">EUDAT</subfield>
    </datafield>
    <datafield atag="856" ind1="4" ind2=" ">
      <subfield code="u">rfio:/castor/cern.ch/aleph/data/ZD4000.16.AL</subfield>
      <subfield code="y">CERN</subfield>
    </datafield>
    <datafield atag="710" ind1=" " ind2=" ">
      <subfield code="g">ALEPH Collaboration</subfield>
    </datafield>
    <datafield atag="245" ind1=" " ind2=" ">
      <subfield code="9">ALEPH</subfield>
      <subfield code="a">LEP2 Data from The ALEPH Collaboration</subfield>
    </datafield>
    <datafield atag="024" ind1="7" ind2=" ">
      <subfield code="2">Handle</subfield>
      <subfield code="a">11100/9588d006-be6c-11e3-9d1d-e41f13eb41b2
</subfield>
    </datafield>
    <datafield atag="269" ind1=" " ind2=" ">
      <subfield code="c">1999</subfield>
    </datafield>
    <datafield atag="520" ind1=" " ind2=" ">
      <subfield code="9">ALEPH</subfield>
      <subfield code="h">Run contents for this data file &lt;table border=&quot;1&quot;&gt; &lt;tr&gt; &lt;th&gt;Run #&lt;/th&gt;&lt;th&gt;Nevents&lt;/th&gt;&lt;th&gt;Length (Mb)&lt;/th&gt;&lt;th&gt;LEP energy&lt;/th&gt;&lt;th&gt;Nb of Z0s&lt;/th&gt;&lt;/tr&gt; &lt;tr&gt; &lt;td&gt;49329&lt;/td&gt;&lt;td&gt;6870&lt;/td&gt;&lt;td&gt;32.114&lt;/td&gt;&lt;td&gt;91.213&lt;/td&gt;&lt;td&gt;947&lt;/td&gt;&lt;/tr&gt; &lt;tr&gt; &lt;td&gt;49330&lt;/td&gt;&lt;td&gt;11977&lt;/td&gt;&lt;td&gt;58.648&lt;/td&gt;&lt;td&gt;91.251&lt;/td&gt;&lt;td&gt;1790&lt;/td&gt;&lt;/tr&gt; &lt;tr&gt; &lt;td&gt;49331&lt;/td&gt;&lt;td&gt;3708&lt;/td&gt;&lt;td&gt;18.707&lt;/td&gt;&lt;td&gt;91.231&lt;/td&gt;&lt;td&gt;589&lt;/td&gt;&lt;/tr&gt; &lt;tr&gt; &lt;td&gt;49334&lt;/td&gt;&lt;td&gt;11521&lt;/td&gt;&lt;td&gt;51.605&lt;/td&gt;&lt;td&gt;91.250&lt;/td&gt;&lt;td&gt;1463&lt;/td&gt;&lt;/tr&gt; &lt;tr&gt; &lt;td&gt;49335&lt;/td&gt;&lt;td&gt;11808&lt;/td&gt;&lt;td&gt;51.991&lt;/td&gt;&lt;td&gt;91.234&lt;/td&gt;&lt;td&gt;1458&lt;/td&gt;&lt;/tr&gt; &lt;tr&gt; &lt;td&gt;49336&lt;/td&gt;&lt;td&gt;1055&lt;/td&gt;&lt;td&gt;3.793&lt;/td&gt;&lt;td&gt;91.234&lt;/td&gt;&lt;td&gt;92&lt;/td&gt;&lt;/tr&gt; &lt;tr&gt; &lt;td&gt;49342&lt;/td&gt;&lt;td&gt;536&lt;/td&gt;&lt;td&gt;2.541&lt;/td&gt;&lt;td&gt;91.237&lt;/td&gt;&lt;td&gt;72&lt;/td&gt;&lt;/tr&gt; &lt;tr&gt; &lt;td&gt;49344&lt;/td&gt;&lt;td&gt;11698&lt;/td&gt;&lt;td&gt;55.831&lt;/td&gt;&lt;td&gt;91.240&lt;/td&gt;&lt;td&gt;1632&lt;/td&gt;&lt;/tr&gt; &lt;tr&gt; &lt;td&gt;49345&lt;/td&gt;&lt;td&gt;11664&lt;/td&gt;&lt;td&gt;61.377&lt;/td&gt;&lt;td&gt;91.236&lt;/td&gt;&lt;td&gt;1905&lt;/td&gt;&lt;/tr&gt; &lt;tr&gt;&lt;/table&gt; Total file length :   305.594 Mbytes</subfield>
    </datafield>
  </record>