
  <record>
    <datafield atag="999" ind1=" " ind2=" ">
      <subfield code="9">Marcello Maggi</subfield>
      <subfield code="c">3445064411</subfield>
      <subfield code="s">306847080</subfield>
    </datafield>
    <datafield atag="980" ind1=" " ind2=" ">
      <subfield code="a">Real Data MINI Year 1999</subfield>
    </datafield>
    <datafield atag="856" ind1="4" ind2=" ">
      <subfield code="u">irods://data.repo.cineca.it:1247/CINECA01/home/EUDAT_STAFF/Aleph_Test/ZD4000.18.AL</subfield>
      <subfield code="y">EUDAT</subfield>
    </datafield>
    <datafield atag="856" ind1="4" ind2=" ">
      <subfield code="u">rfio:/castor/cern.ch/aleph/data/ZD4000.18.AL</subfield>
      <subfield code="y">CERN</subfield>
    </datafield>
    <datafield atag="710" ind1=" " ind2=" ">
      <subfield code="g">ALEPH Collaboration</subfield>
    </datafield>
    <datafield atag="245" ind1=" " ind2=" ">
      <subfield code="9">ALEPH</subfield>
      <subfield code="a">LEP2 Data from The ALEPH Collaboration</subfield>
    </datafield>
    <datafield atag="024" ind1="7" ind2=" ">
      <subfield code="2">Handle</subfield>
      <subfield code="a">11100/9cd8e242-be6c-11e3-bb6c-e41f13eb41b2
</subfield>
    </datafield>
    <datafield atag="269" ind1=" " ind2=" ">
      <subfield code="c">1999</subfield>
    </datafield>
    <datafield atag="520" ind1=" " ind2=" ">
      <subfield code="9">ALEPH</subfield>
      <subfield code="h">Run contents for this data file &lt;table border=&quot;1&quot;&gt; &lt;tr&gt; &lt;th&gt;Run #&lt;/th&gt;&lt;th&gt;Nevents&lt;/th&gt;&lt;th&gt;Length (Mb)&lt;/th&gt;&lt;th&gt;LEP energy&lt;/th&gt;&lt;th&gt;Nb of Z0s&lt;/th&gt;&lt;/tr&gt; &lt;tr&gt; &lt;td&gt;49346&lt;/td&gt;&lt;td&gt;11683&lt;/td&gt;&lt;td&gt;61.840&lt;/td&gt;&lt;td&gt;91.240&lt;/td&gt;&lt;td&gt;1922&lt;/td&gt;&lt;/tr&gt; &lt;tr&gt; &lt;td&gt;49347&lt;/td&gt;&lt;td&gt;11845&lt;/td&gt;&lt;td&gt;60.443&lt;/td&gt;&lt;td&gt;91.240&lt;/td&gt;&lt;td&gt;1897&lt;/td&gt;&lt;/tr&gt; &lt;tr&gt; &lt;td&gt;49348&lt;/td&gt;&lt;td&gt;11906&lt;/td&gt;&lt;td&gt;62.855&lt;/td&gt;&lt;td&gt;91.239&lt;/td&gt;&lt;td&gt;1941&lt;/td&gt;&lt;/tr&gt; &lt;tr&gt; &lt;td&gt;49349&lt;/td&gt;&lt;td&gt;10376&lt;/td&gt;&lt;td&gt;55.247&lt;/td&gt;&lt;td&gt;91.239&lt;/td&gt;&lt;td&gt;1727&lt;/td&gt;&lt;/tr&gt; &lt;tr&gt; &lt;td&gt;49362&lt;/td&gt;&lt;td&gt;1566&lt;/td&gt;&lt;td&gt;7.612&lt;/td&gt;&lt;td&gt;91.233&lt;/td&gt;&lt;td&gt;226&lt;/td&gt;&lt;/tr&gt; &lt;tr&gt; &lt;td&gt;49374&lt;/td&gt;&lt;td&gt;11381&lt;/td&gt;&lt;td&gt;57.919&lt;/td&gt;&lt;td&gt;91.239&lt;/td&gt;&lt;td&gt;1759&lt;/td&gt;&lt;/tr&gt; &lt;tr&gt;&lt;/table&gt; Total file length :   305.594 Mbytes</subfield>
    </datafield>
  </record>