
  <record>
    <datafield atag="999" ind1=" " ind2=" ">
      <subfield code="9">Marcello Maggi</subfield>
      <subfield code="c">3445064411</subfield>
      <subfield code="s">306847080</subfield>
    </datafield>
    <datafield atag="980" ind1=" " ind2=" ">
      <subfield code="a">Real Data MINI Year 1999</subfield>
    </datafield>
    <datafield atag="856" ind1="4" ind2=" ">
      <subfield code="u">irods://data.repo.cineca.it:1247/CINECA01/home/EUDAT_STAFF/Aleph_Test/ZD4000.20.AL</subfield>
      <subfield code="y">EUDAT</subfield>
    </datafield>
    <datafield atag="856" ind1="4" ind2=" ">
      <subfield code="u">rfio:/castor/cern.ch/aleph/data/ZD4000.20.AL</subfield>
      <subfield code="y">CERN</subfield>
    </datafield>
    <datafield atag="710" ind1=" " ind2=" ">
      <subfield code="g">ALEPH Collaboration</subfield>
    </datafield>
    <datafield atag="245" ind1=" " ind2=" ">
      <subfield code="9">ALEPH</subfield>
      <subfield code="a">LEP2 Data from The ALEPH Collaboration</subfield>
    </datafield>
    <datafield atag="024" ind1="7" ind2=" ">
      <subfield code="2">Handle</subfield>
      <subfield code="a">11100/a62084b8-be6c-11e3-91d6-e41f13eb41b2
</subfield>
    </datafield>
    <datafield atag="269" ind1=" " ind2=" ">
      <subfield code="c">1999</subfield>
    </datafield>
    <datafield atag="520" ind1=" " ind2=" ">
      <subfield code="9">ALEPH</subfield>
      <subfield code="h">Run contents for this data file &lt;table border=&quot;1&quot;&gt; &lt;tr&gt; &lt;th&gt;Run #&lt;/th&gt;&lt;th&gt;Nevents&lt;/th&gt;&lt;th&gt;Length (Mb)&lt;/th&gt;&lt;th&gt;LEP energy&lt;/th&gt;&lt;th&gt;Nb of Z0s&lt;/th&gt;&lt;/tr&gt; &lt;tr&gt; &lt;td&gt;49375&lt;/td&gt;&lt;td&gt;5206&lt;/td&gt;&lt;td&gt;27.077&lt;/td&gt;&lt;td&gt;91.227&lt;/td&gt;&lt;td&gt;823&lt;/td&gt;&lt;/tr&gt; &lt;tr&gt; &lt;td&gt;49381&lt;/td&gt;&lt;td&gt;11521&lt;/td&gt;&lt;td&gt;57.402&lt;/td&gt;&lt;td&gt;91.225&lt;/td&gt;&lt;td&gt;1697&lt;/td&gt;&lt;/tr&gt; &lt;tr&gt; &lt;td&gt;49382&lt;/td&gt;&lt;td&gt;11724&lt;/td&gt;&lt;td&gt;58.145&lt;/td&gt;&lt;td&gt;91.228&lt;/td&gt;&lt;td&gt;1753&lt;/td&gt;&lt;/tr&gt; &lt;tr&gt; &lt;td&gt;49383&lt;/td&gt;&lt;td&gt;11707&lt;/td&gt;&lt;td&gt;60.954&lt;/td&gt;&lt;td&gt;91.233&lt;/td&gt;&lt;td&gt;1889&lt;/td&gt;&lt;/tr&gt; &lt;tr&gt; &lt;td&gt;49384&lt;/td&gt;&lt;td&gt;12271&lt;/td&gt;&lt;td&gt;61.517&lt;/td&gt;&lt;td&gt;91.240&lt;/td&gt;&lt;td&gt;1844&lt;/td&gt;&lt;/tr&gt; &lt;tr&gt; &lt;td&gt;49385&lt;/td&gt;&lt;td&gt;11976&lt;/td&gt;&lt;td&gt;60.683&lt;/td&gt;&lt;td&gt;91.239&lt;/td&gt;&lt;td&gt;1851&lt;/td&gt;&lt;/tr&gt; &lt;tr&gt;&lt;/table&gt; Total file length :   305.594 Mbytes</subfield>
    </datafield>
  </record>