
  <record>
    <datafield atag="999" ind1=" " ind2=" ">
      <subfield code="9">Marcello Maggi</subfield>
      <subfield code="c">3445064411</subfield>
      <subfield code="s">306847080</subfield>
    </datafield>
    <datafield atag="980" ind1=" " ind2=" ">
      <subfield code="a">Real Data MINI Year 1999</subfield>
    </datafield>
    <datafield atag="856" ind1="4" ind2=" ">
      <subfield code="u">irods://data.repo.cineca.it:1247/CINECA01/home/EUDAT_STAFF/Aleph_Test/ZD4000.22.AL</subfield>
      <subfield code="y">EUDAT</subfield>
    </datafield>
    <datafield atag="856" ind1="4" ind2=" ">
      <subfield code="u">rfio:/castor/cern.ch/aleph/data/ZD4000.22.AL</subfield>
      <subfield code="y">CERN</subfield>
    </datafield>
    <datafield atag="710" ind1=" " ind2=" ">
      <subfield code="g">ALEPH Collaboration</subfield>
    </datafield>
    <datafield atag="245" ind1=" " ind2=" ">
      <subfield code="9">ALEPH</subfield>
      <subfield code="a">LEP2 Data from The ALEPH Collaboration</subfield>
    </datafield>
    <datafield atag="024" ind1="7" ind2=" ">
      <subfield code="2">Handle</subfield>
      <subfield code="a">11100/ad9fa200-be6c-11e3-87f0-e41f13eb41b2
</subfield>
    </datafield>
    <datafield atag="269" ind1=" " ind2=" ">
      <subfield code="c">1999</subfield>
    </datafield>
    <datafield atag="520" ind1=" " ind2=" ">
      <subfield code="9">ALEPH</subfield>
      <subfield code="h">Run contents for this data file &lt;table border=&quot;1&quot;&gt; &lt;tr&gt; &lt;th&gt;Run #&lt;/th&gt;&lt;th&gt;Nevents&lt;/th&gt;&lt;th&gt;Length (Mb)&lt;/th&gt;&lt;th&gt;LEP energy&lt;/th&gt;&lt;th&gt;Nb of Z0s&lt;/th&gt;&lt;/tr&gt; &lt;tr&gt; &lt;td&gt;49386&lt;/td&gt;&lt;td&gt;10178&lt;/td&gt;&lt;td&gt;48.823&lt;/td&gt;&lt;td&gt;91.228&lt;/td&gt;&lt;td&gt;1461&lt;/td&gt;&lt;/tr&gt; &lt;tr&gt; &lt;td&gt;49387&lt;/td&gt;&lt;td&gt;1095&lt;/td&gt;&lt;td&gt;5.196&lt;/td&gt;&lt;td&gt;91.224&lt;/td&gt;&lt;td&gt;150&lt;/td&gt;&lt;/tr&gt; &lt;tr&gt; &lt;td&gt;49396&lt;/td&gt;&lt;td&gt;10393&lt;/td&gt;&lt;td&gt;47.607&lt;/td&gt;&lt;td&gt;91.267&lt;/td&gt;&lt;td&gt;1413&lt;/td&gt;&lt;/tr&gt; &lt;tr&gt; &lt;td&gt;49397&lt;/td&gt;&lt;td&gt;1311&lt;/td&gt;&lt;td&gt;4.791&lt;/td&gt;&lt;td&gt;91.238&lt;/td&gt;&lt;td&gt;134&lt;/td&gt;&lt;/tr&gt; &lt;tr&gt; &lt;td&gt;49400&lt;/td&gt;&lt;td&gt;8982&lt;/td&gt;&lt;td&gt;46.030&lt;/td&gt;&lt;td&gt;91.234&lt;/td&gt;&lt;td&gt;1414&lt;/td&gt;&lt;/tr&gt; &lt;tr&gt; &lt;td&gt;49403&lt;/td&gt;&lt;td&gt;11743&lt;/td&gt;&lt;td&gt;62.011&lt;/td&gt;&lt;td&gt;91.234&lt;/td&gt;&lt;td&gt;1890&lt;/td&gt;&lt;/tr&gt; &lt;tr&gt; &lt;td&gt;49410&lt;/td&gt;&lt;td&gt;1059&lt;/td&gt;&lt;td&gt;5.256&lt;/td&gt;&lt;td&gt;91.250&lt;/td&gt;&lt;td&gt;160&lt;/td&gt;&lt;/tr&gt; &lt;tr&gt; &lt;td&gt;49411&lt;/td&gt;&lt;td&gt;11584&lt;/td&gt;&lt;td&gt;58.275&lt;/td&gt;&lt;td&gt;91.234&lt;/td&gt;&lt;td&gt;1739&lt;/td&gt;&lt;/tr&gt; &lt;tr&gt; &lt;td&gt;49412&lt;/td&gt;&lt;td&gt;11491&lt;/td&gt;&lt;td&gt;59.582&lt;/td&gt;&lt;td&gt;91.265&lt;/td&gt;&lt;td&gt;1783&lt;/td&gt;&lt;/tr&gt; &lt;tr&gt;&lt;/table&gt; Total file length :   305.594 Mbytes</subfield>
    </datafield>
  </record>