
  <record>
    <datafield atag="999" ind1=" " ind2=" ">
      <subfield code="9">Marcello Maggi</subfield>
      <subfield code="c">3445064411</subfield>
      <subfield code="s">306847080</subfield>
    </datafield>
    <datafield atag="980" ind1=" " ind2=" ">
      <subfield code="a">Real Data MINI Year 1999</subfield>
    </datafield>
    <datafield atag="856" ind1="4" ind2=" ">
      <subfield code="u">irods://data.repo.cineca.it:1247/CINECA01/home/EUDAT_STAFF/Aleph_Test/ZD4000.24.AL</subfield>
      <subfield code="y">EUDAT</subfield>
    </datafield>
    <datafield atag="856" ind1="4" ind2=" ">
      <subfield code="u">rfio:/castor/cern.ch/aleph/data/ZD4000.24.AL</subfield>
      <subfield code="y">CERN</subfield>
    </datafield>
    <datafield atag="710" ind1=" " ind2=" ">
      <subfield code="g">ALEPH Collaboration</subfield>
    </datafield>
    <datafield atag="245" ind1=" " ind2=" ">
      <subfield code="9">ALEPH</subfield>
      <subfield code="a">LEP2 Data from The ALEPH Collaboration</subfield>
    </datafield>
    <datafield atag="024" ind1="7" ind2=" ">
      <subfield code="2">Handle</subfield>
      <subfield code="a">11100/c0e25c40-be6c-11e3-8145-e41f13eb41b2
</subfield>
    </datafield>
    <datafield atag="269" ind1=" " ind2=" ">
      <subfield code="c">1999</subfield>
    </datafield>
    <datafield atag="520" ind1=" " ind2=" ">
      <subfield code="9">ALEPH</subfield>
      <subfield code="h">Run contents for this data file &lt;table border=&quot;1&quot;&gt; &lt;tr&gt; &lt;th&gt;Run #&lt;/th&gt;&lt;th&gt;Nevents&lt;/th&gt;&lt;th&gt;Length (Mb)&lt;/th&gt;&lt;th&gt;LEP energy&lt;/th&gt;&lt;th&gt;Nb of Z0s&lt;/th&gt;&lt;/tr&gt; &lt;tr&gt; &lt;td&gt;49413&lt;/td&gt;&lt;td&gt;11761&lt;/td&gt;&lt;td&gt;57.584&lt;/td&gt;&lt;td&gt;91.251&lt;/td&gt;&lt;td&gt;1713&lt;/td&gt;&lt;/tr&gt; &lt;tr&gt; &lt;td&gt;49414&lt;/td&gt;&lt;td&gt;983&lt;/td&gt;&lt;td&gt;5.022&lt;/td&gt;&lt;td&gt;91.243&lt;/td&gt;&lt;td&gt;149&lt;/td&gt;&lt;/tr&gt; &lt;tr&gt; &lt;td&gt;49416&lt;/td&gt;&lt;td&gt;918&lt;/td&gt;&lt;td&gt;4.824&lt;/td&gt;&lt;td&gt;91.239&lt;/td&gt;&lt;td&gt;143&lt;/td&gt;&lt;/tr&gt; &lt;tr&gt; &lt;td&gt;49420&lt;/td&gt;&lt;td&gt;9296&lt;/td&gt;&lt;td&gt;45.781&lt;/td&gt;&lt;td&gt;91.242&lt;/td&gt;&lt;td&gt;1309&lt;/td&gt;&lt;/tr&gt; &lt;tr&gt; &lt;td&gt;49422&lt;/td&gt;&lt;td&gt;11995&lt;/td&gt;&lt;td&gt;58.244&lt;/td&gt;&lt;td&gt;91.230&lt;/td&gt;&lt;td&gt;1704&lt;/td&gt;&lt;/tr&gt; &lt;tr&gt; &lt;td&gt;49423&lt;/td&gt;&lt;td&gt;5828&lt;/td&gt;&lt;td&gt;29.503&lt;/td&gt;&lt;td&gt;91.227&lt;/td&gt;&lt;td&gt;910&lt;/td&gt;&lt;/tr&gt; &lt;tr&gt; &lt;td&gt;49425&lt;/td&gt;&lt;td&gt;1041&lt;/td&gt;&lt;td&gt;5.438&lt;/td&gt;&lt;td&gt;91.226&lt;/td&gt;&lt;td&gt;163&lt;/td&gt;&lt;/tr&gt; &lt;tr&gt; &lt;td&gt;50576&lt;/td&gt;&lt;td&gt;2081&lt;/td&gt;&lt;td&gt;8.327&lt;/td&gt;&lt;td&gt;91.308&lt;/td&gt;&lt;td&gt;247&lt;/td&gt;&lt;/tr&gt; &lt;tr&gt; &lt;td&gt;50585&lt;/td&gt;&lt;td&gt;13271&lt;/td&gt;&lt;td&gt;58.524&lt;/td&gt;&lt;td&gt;91.267&lt;/td&gt;&lt;td&gt;1669&lt;/td&gt;&lt;/tr&gt; &lt;tr&gt; &lt;td&gt;50587&lt;/td&gt;&lt;td&gt;13048&lt;/td&gt;&lt;td&gt;56.981&lt;/td&gt;&lt;td&gt;91.250&lt;/td&gt;&lt;td&gt;1763&lt;/td&gt;&lt;/tr&gt; &lt;tr&gt;&lt;/table&gt; Total file length :   305.594 Mbytes</subfield>
    </datafield>
  </record>