
  <record>
    <datafield atag="999" ind1=" " ind2=" ">
      <subfield code="9">Marcello Maggi</subfield>
      <subfield code="c">3445064411</subfield>
      <subfield code="s">306847080</subfield>
    </datafield>
    <datafield atag="980" ind1=" " ind2=" ">
      <subfield code="a">Real Data MINI Year 1999</subfield>
    </datafield>
    <datafield atag="856" ind1="4" ind2=" ">
      <subfield code="u">irods://data.repo.cineca.it:1247/CINECA01/home/EUDAT_STAFF/Aleph_Test/ZD4000.26.AL</subfield>
      <subfield code="y">EUDAT</subfield>
    </datafield>
    <datafield atag="856" ind1="4" ind2=" ">
      <subfield code="u">rfio:/castor/cern.ch/aleph/data/ZD4000.26.AL</subfield>
      <subfield code="y">CERN</subfield>
    </datafield>
    <datafield atag="710" ind1=" " ind2=" ">
      <subfield code="g">ALEPH Collaboration</subfield>
    </datafield>
    <datafield atag="245" ind1=" " ind2=" ">
      <subfield code="9">ALEPH</subfield>
      <subfield code="a">LEP2 Data from The ALEPH Collaboration</subfield>
    </datafield>
    <datafield atag="024" ind1="7" ind2=" ">
      <subfield code="2">Handle</subfield>
      <subfield code="a">11100/ca9c87d8-be6c-11e3-8bd9-e41f13eb41b2
</subfield>
    </datafield>
    <datafield atag="269" ind1=" " ind2=" ">
      <subfield code="c">1999</subfield>
    </datafield>
    <datafield atag="520" ind1=" " ind2=" ">
      <subfield code="9">ALEPH</subfield>
      <subfield code="h">Run contents for this data file &lt;table border=&quot;1&quot;&gt; &lt;tr&gt; &lt;th&gt;Run #&lt;/th&gt;&lt;th&gt;Nevents&lt;/th&gt;&lt;th&gt;Length (Mb)&lt;/th&gt;&lt;th&gt;LEP energy&lt;/th&gt;&lt;th&gt;Nb of Z0s&lt;/th&gt;&lt;/tr&gt; &lt;tr&gt; &lt;td&gt;50588&lt;/td&gt;&lt;td&gt;12088&lt;/td&gt;&lt;td&gt;52.569&lt;/td&gt;&lt;td&gt;91.249&lt;/td&gt;&lt;td&gt;1621&lt;/td&gt;&lt;/tr&gt; &lt;tr&gt; &lt;td&gt;50589&lt;/td&gt;&lt;td&gt;3600&lt;/td&gt;&lt;td&gt;15.184&lt;/td&gt;&lt;td&gt;91.248&lt;/td&gt;&lt;td&gt;451&lt;/td&gt;&lt;/tr&gt; &lt;tr&gt; &lt;td&gt;50591&lt;/td&gt;&lt;td&gt;13864&lt;/td&gt;&lt;td&gt;61.258&lt;/td&gt;&lt;td&gt;91.281&lt;/td&gt;&lt;td&gt;1870&lt;/td&gt;&lt;/tr&gt; &lt;tr&gt; &lt;td&gt;50592&lt;/td&gt;&lt;td&gt;13890&lt;/td&gt;&lt;td&gt;60.402&lt;/td&gt;&lt;td&gt;91.283&lt;/td&gt;&lt;td&gt;1859&lt;/td&gt;&lt;/tr&gt; &lt;tr&gt; &lt;td&gt;50593&lt;/td&gt;&lt;td&gt;13205&lt;/td&gt;&lt;td&gt;55.466&lt;/td&gt;&lt;td&gt;91.283&lt;/td&gt;&lt;td&gt;1693&lt;/td&gt;&lt;/tr&gt; &lt;tr&gt; &lt;td&gt;50594&lt;/td&gt;&lt;td&gt;11767&lt;/td&gt;&lt;td&gt;46.388&lt;/td&gt;&lt;td&gt;91.280&lt;/td&gt;&lt;td&gt;1355&lt;/td&gt;&lt;/tr&gt; &lt;tr&gt; &lt;td&gt;50595&lt;/td&gt;&lt;td&gt;10804&lt;/td&gt;&lt;td&gt;40.961&lt;/td&gt;&lt;td&gt;91.274&lt;/td&gt;&lt;td&gt;1199&lt;/td&gt;&lt;/tr&gt; &lt;tr&gt;&lt;/table&gt; Total file length :   305.594 Mbytes</subfield>
    </datafield>
  </record>