
  <record>
    <datafield atag="999" ind1=" " ind2=" ">
      <subfield code="9">Marcello Maggi</subfield>
      <subfield code="c">3445064411</subfield>
      <subfield code="s">306847080</subfield>
    </datafield>
    <datafield atag="980" ind1=" " ind2=" ">
      <subfield code="a">Real Data MINI Year 1999</subfield>
    </datafield>
    <datafield atag="856" ind1="4" ind2=" ">
      <subfield code="u">irods://data.repo.cineca.it:1247/CINECA01/home/EUDAT_STAFF/Aleph_Test/ZD4000.30.AL</subfield>
      <subfield code="y">EUDAT</subfield>
    </datafield>
    <datafield atag="856" ind1="4" ind2=" ">
      <subfield code="u">rfio:/castor/cern.ch/aleph/data/ZD4000.30.AL</subfield>
      <subfield code="y">CERN</subfield>
    </datafield>
    <datafield atag="710" ind1=" " ind2=" ">
      <subfield code="g">ALEPH Collaboration</subfield>
    </datafield>
    <datafield atag="245" ind1=" " ind2=" ">
      <subfield code="9">ALEPH</subfield>
      <subfield code="a">LEP2 Data from The ALEPH Collaboration</subfield>
    </datafield>
    <datafield atag="024" ind1="7" ind2=" ">
      <subfield code="2">Handle</subfield>
      <subfield code="a">11100/dc999d18-be6c-11e3-8107-e41f13eb41b2
</subfield>
    </datafield>
    <datafield atag="269" ind1=" " ind2=" ">
      <subfield code="c">1999</subfield>
    </datafield>
    <datafield atag="520" ind1=" " ind2=" ">
      <subfield code="9">ALEPH</subfield>
      <subfield code="h">Run contents for this data file &lt;table border=&quot;1&quot;&gt; &lt;tr&gt; &lt;th&gt;Run #&lt;/th&gt;&lt;th&gt;Nevents&lt;/th&gt;&lt;th&gt;Length (Mb)&lt;/th&gt;&lt;th&gt;LEP energy&lt;/th&gt;&lt;th&gt;Nb of Z0s&lt;/th&gt;&lt;/tr&gt; &lt;tr&gt; &lt;td&gt;51735&lt;/td&gt;&lt;td&gt;9841&lt;/td&gt;&lt;td&gt;33.263&lt;/td&gt;&lt;td&gt;91.203&lt;/td&gt;&lt;td&gt;917&lt;/td&gt;&lt;/tr&gt; &lt;tr&gt; &lt;td&gt;51739&lt;/td&gt;&lt;td&gt;2889&lt;/td&gt;&lt;td&gt;10.278&lt;/td&gt;&lt;td&gt;91.205&lt;/td&gt;&lt;td&gt;302&lt;/td&gt;&lt;/tr&gt; &lt;tr&gt; &lt;td&gt;51741&lt;/td&gt;&lt;td&gt;2579&lt;/td&gt;&lt;td&gt;8.802&lt;/td&gt;&lt;td&gt;91.208&lt;/td&gt;&lt;td&gt;246&lt;/td&gt;&lt;/tr&gt; &lt;tr&gt; &lt;td&gt;51743&lt;/td&gt;&lt;td&gt;15120&lt;/td&gt;&lt;td&gt;50.888&lt;/td&gt;&lt;td&gt;91.299&lt;/td&gt;&lt;td&gt;1381&lt;/td&gt;&lt;/tr&gt; &lt;tr&gt; &lt;td&gt;51744&lt;/td&gt;&lt;td&gt;15146&lt;/td&gt;&lt;td&gt;49.044&lt;/td&gt;&lt;td&gt;91.303&lt;/td&gt;&lt;td&gt;1320&lt;/td&gt;&lt;/tr&gt; &lt;tr&gt; &lt;td&gt;51745&lt;/td&gt;&lt;td&gt;14247&lt;/td&gt;&lt;td&gt;50.829&lt;/td&gt;&lt;td&gt;91.220&lt;/td&gt;&lt;td&gt;1439&lt;/td&gt;&lt;/tr&gt; &lt;tr&gt; &lt;td&gt;51746&lt;/td&gt;&lt;td&gt;13419&lt;/td&gt;&lt;td&gt;46.440&lt;/td&gt;&lt;td&gt;91.210&lt;/td&gt;&lt;td&gt;1308&lt;/td&gt;&lt;/tr&gt; &lt;tr&gt; &lt;td&gt;51747&lt;/td&gt;&lt;td&gt;12407&lt;/td&gt;&lt;td&gt;41.734&lt;/td&gt;&lt;td&gt;91.195&lt;/td&gt;&lt;td&gt;1136&lt;/td&gt;&lt;/tr&gt; &lt;tr&gt; &lt;td&gt;51748&lt;/td&gt;&lt;td&gt;1399&lt;/td&gt;&lt;td&gt;4.893&lt;/td&gt;&lt;td&gt;91.192&lt;/td&gt;&lt;td&gt;136&lt;/td&gt;&lt;/tr&gt; &lt;tr&gt; &lt;td&gt;51750&lt;/td&gt;&lt;td&gt;14885&lt;/td&gt;&lt;td&gt;54.377&lt;/td&gt;&lt;td&gt;91.203&lt;/td&gt;&lt;td&gt;1542&lt;/td&gt;&lt;/tr&gt; &lt;tr&gt;&lt;/table&gt; Total file length :   305.594 Mbytes</subfield>
    </datafield>
  </record>