
  <record>
    <datafield atag="999" ind1=" " ind2=" ">
      <subfield code="9">Marcello Maggi</subfield>
      <subfield code="c">3445064411</subfield>
      <subfield code="s">306847080</subfield>
    </datafield>
    <datafield atag="980" ind1=" " ind2=" ">
      <subfield code="a">Real Data MINI Year 1999</subfield>
    </datafield>
    <datafield atag="856" ind1="4" ind2=" ">
      <subfield code="u">irods://data.repo.cineca.it:1247/CINECA01/home/EUDAT_STAFF/Aleph_Test/ZD4000.83.AL</subfield>
      <subfield code="y">EUDAT</subfield>
    </datafield>
    <datafield atag="856" ind1="4" ind2=" ">
      <subfield code="u">rfio:/castor/cern.ch/aleph/data/ZD4000.83.AL</subfield>
      <subfield code="y">CERN</subfield>
    </datafield>
    <datafield atag="710" ind1=" " ind2=" ">
      <subfield code="g">ALEPH Collaboration</subfield>
    </datafield>
    <datafield atag="245" ind1=" " ind2=" ">
      <subfield code="9">ALEPH</subfield>
      <subfield code="a">LEP2 Data from The ALEPH Collaboration</subfield>
    </datafield>
    <datafield atag="024" ind1="7" ind2=" ">
      <subfield code="2">Handle</subfield>
      <subfield code="a">11100/fe5d7ede-cbe5-11e3-868f-e41f13eb41b2
</subfield>
    </datafield>
    <datafield atag="269" ind1=" " ind2=" ">
      <subfield code="c">1999</subfield>
    </datafield>
    <datafield atag="520" ind1=" " ind2=" ">
      <subfield code="9">ALEPH</subfield>
      <subfield code="h">Run contents for this data file &lt;table border=&quot;1&quot;&gt; &lt;tr&gt; &lt;th&gt;Run #&lt;/th&gt;&lt;th&gt;Nevents&lt;/th&gt;&lt;th&gt;Length (Mb)&lt;/th&gt;&lt;th&gt;LEP energy&lt;/th&gt;&lt;th&gt;Nb of Z0s&lt;/th&gt;&lt;/tr&gt; &lt;tr&gt; &lt;td&gt;54956&lt;/td&gt;&lt;td&gt;19822&lt;/td&gt;&lt;td&gt;45.622&lt;/td&gt;&lt;td&gt;206.608&lt;/td&gt;&lt;td&gt;18&lt;/td&gt;&lt;/tr&gt; &lt;tr&gt; &lt;td&gt;54957&lt;/td&gt;&lt;td&gt;1726&lt;/td&gt;&lt;td&gt;2.710&lt;/td&gt;&lt;td&gt;207.887&lt;/td&gt;&lt;td&gt;2&lt;/td&gt;&lt;/tr&gt; &lt;tr&gt; &lt;td&gt;54960&lt;/td&gt;&lt;td&gt;4936&lt;/td&gt;&lt;td&gt;12.234&lt;/td&gt;&lt;td&gt;205.100&lt;/td&gt;&lt;td&gt;7&lt;/td&gt;&lt;/tr&gt; &lt;tr&gt; &lt;td&gt;54961&lt;/td&gt;&lt;td&gt;18567&lt;/td&gt;&lt;td&gt;41.795&lt;/td&gt;&lt;td&gt;206.573&lt;/td&gt;&lt;td&gt;8&lt;/td&gt;&lt;/tr&gt; &lt;tr&gt; &lt;td&gt;54962&lt;/td&gt;&lt;td&gt;405&lt;/td&gt;&lt;td&gt;0.431&lt;/td&gt;&lt;td&gt;207.375&lt;/td&gt;&lt;td&gt;1&lt;/td&gt;&lt;/tr&gt; &lt;tr&gt; &lt;td&gt;54964&lt;/td&gt;&lt;td&gt;8179&lt;/td&gt;&lt;td&gt;20.148&lt;/td&gt;&lt;td&gt;205.111&lt;/td&gt;&lt;td&gt;8&lt;/td&gt;&lt;/tr&gt; &lt;tr&gt; &lt;td&gt;54965&lt;/td&gt;&lt;td&gt;1726&lt;/td&gt;&lt;td&gt;4.136&lt;/td&gt;&lt;td&gt;206.582&lt;/td&gt;&lt;td&gt;2&lt;/td&gt;&lt;/tr&gt; &lt;tr&gt; &lt;td&gt;54967&lt;/td&gt;&lt;td&gt;8964&lt;/td&gt;&lt;td&gt;21.572&lt;/td&gt;&lt;td&gt;205.122&lt;/td&gt;&lt;td&gt;12&lt;/td&gt;&lt;/tr&gt; &lt;tr&gt; &lt;td&gt;54968&lt;/td&gt;&lt;td&gt;17495&lt;/td&gt;&lt;td&gt;38.870&lt;/td&gt;&lt;td&gt;206.523&lt;/td&gt;&lt;td&gt;22&lt;/td&gt;&lt;/tr&gt; &lt;tr&gt; &lt;td&gt;54969&lt;/td&gt;&lt;td&gt;9507&lt;/td&gt;&lt;td&gt;19.471&lt;/td&gt;&lt;td&gt;208.073&lt;/td&gt;&lt;td&gt;7&lt;/td&gt;&lt;/tr&gt; &lt;tr&gt; &lt;td&gt;54970&lt;/td&gt;&lt;td&gt;3385&lt;/td&gt;&lt;td&gt;5.242&lt;/td&gt;&lt;td&gt;208.258&lt;/td&gt;&lt;td&gt;1&lt;/td&gt;&lt;/tr&gt; &lt;tr&gt; &lt;td&gt;54972&lt;/td&gt;&lt;td&gt;11063&lt;/td&gt;&lt;td&gt;25.847&lt;/td&gt;&lt;td&gt;205.111&lt;/td&gt;&lt;td&gt;10&lt;/td&gt;&lt;/tr&gt; &lt;tr&gt; &lt;td&gt;54973&lt;/td&gt;&lt;td&gt;6908&lt;/td&gt;&lt;td&gt;15.930&lt;/td&gt;&lt;td&gt;206.538&lt;/td&gt;&lt;td&gt;9&lt;/td&gt;&lt;/tr&gt; &lt;tr&gt; &lt;td&gt;54975&lt;/td&gt;&lt;td&gt;17218&lt;/td&gt;&lt;td&gt;41.429&lt;/td&gt;&lt;td&gt;205.118&lt;/td&gt;&lt;td&gt;25&lt;/td&gt;&lt;/tr&gt; &lt;tr&gt; &lt;td&gt;54976&lt;/td&gt;&lt;td&gt;5331&lt;/td&gt;&lt;td&gt;11.181&lt;/td&gt;&lt;td&gt;206.591&lt;/td&gt;&lt;td&gt;4&lt;/td&gt;&lt;/tr&gt; &lt;tr&gt;&lt;/table&gt; Total file length :   305.594 Mbytes</subfield>
    </datafield>
  </record>