
  <record>
    <datafield atag="999" ind1=" " ind2=" ">
      <subfield code="9">Marcello Maggi</subfield>
      <subfield code="c">3445064411</subfield>
      <subfield code="s">306847080</subfield>
    </datafield>
    <datafield atag="980" ind1=" " ind2=" ">
      <subfield code="a">Real Data MINI Year 1999</subfield>
    </datafield>
    <datafield atag="856" ind1="4" ind2=" ">
      <subfield code="u">irods://data.repo.cineca.it:1247/CINECA01/home/EUDAT_STAFF/Aleph_Test/ZD4000.10.AL</subfield>
      <subfield code="y">EUDAT</subfield>
    </datafield>
    <datafield atag="856" ind1="4" ind2=" ">
      <subfield code="u">rfio:/castor/cern.ch/aleph/data/ZD4000.10.AL</subfield>
      <subfield code="y">CERN</subfield>
    </datafield>
    <datafield atag="710" ind1=" " ind2=" ">
      <subfield code="g">ALEPH Collaboration</subfield>
    </datafield>
    <datafield atag="245" ind1=" " ind2=" ">
      <subfield code="9">ALEPH</subfield>
      <subfield code="a">LEP2 Data from The ALEPH Collaboration</subfield>
    </datafield>
    <datafield atag="024" ind1="7" ind2=" ">
      <subfield code="2">Handle</subfield>
      <subfield code="a">11100/839a8b28-be6c-11e3-a859-e41f13eb41b2
</subfield>
    </datafield>
    <datafield atag="269" ind1=" " ind2=" ">
      <subfield code="c">1999</subfield>
    </datafield>
    <datafield atag="520" ind1=" " ind2=" ">
      <subfield code="9">ALEPH</subfield>
      <subfield code="h">Run contents for this data file &lt;table border=&quot;1&quot;&gt; &lt;tr&gt; &lt;th&gt;Run #&lt;/th&gt;&lt;th&gt;Nevents&lt;/th&gt;&lt;th&gt;Length (Mb)&lt;/th&gt;&lt;th&gt;LEP energy&lt;/th&gt;&lt;th&gt;Nb of Z0s&lt;/th&gt;&lt;/tr&gt; &lt;tr&gt; &lt;td&gt;49246&lt;/td&gt;&lt;td&gt;11056&lt;/td&gt;&lt;td&gt;45.205&lt;/td&gt;&lt;td&gt;91.242&lt;/td&gt;&lt;td&gt;1246&lt;/td&gt;&lt;/tr&gt; &lt;tr&gt; &lt;td&gt;49247&lt;/td&gt;&lt;td&gt;6439&lt;/td&gt;&lt;td&gt;26.366&lt;/td&gt;&lt;td&gt;91.242&lt;/td&gt;&lt;td&gt;738&lt;/td&gt;&lt;/tr&gt; &lt;tr&gt; &lt;td&gt;49292&lt;/td&gt;&lt;td&gt;2744&lt;/td&gt;&lt;td&gt;8.307&lt;/td&gt;&lt;td&gt;91.257&lt;/td&gt;&lt;td&gt;177&lt;/td&gt;&lt;/tr&gt; &lt;tr&gt; &lt;td&gt;49294&lt;/td&gt;&lt;td&gt;2873&lt;/td&gt;&lt;td&gt;9.426&lt;/td&gt;&lt;td&gt;91.267&lt;/td&gt;&lt;td&gt;233&lt;/td&gt;&lt;/tr&gt; &lt;tr&gt; &lt;td&gt;49296&lt;/td&gt;&lt;td&gt;1746&lt;/td&gt;&lt;td&gt;6.889&lt;/td&gt;&lt;td&gt;91.250&lt;/td&gt;&lt;td&gt;181&lt;/td&gt;&lt;/tr&gt; &lt;tr&gt; &lt;td&gt;49297&lt;/td&gt;&lt;td&gt;385&lt;/td&gt;&lt;td&gt;1.528&lt;/td&gt;&lt;td&gt;91.250&lt;/td&gt;&lt;td&gt;36&lt;/td&gt;&lt;/tr&gt; &lt;tr&gt; &lt;td&gt;49298&lt;/td&gt;&lt;td&gt;10678&lt;/td&gt;&lt;td&gt;43.712&lt;/td&gt;&lt;td&gt;91.233&lt;/td&gt;&lt;td&gt;1184&lt;/td&gt;&lt;/tr&gt; &lt;tr&gt; &lt;td&gt;49299&lt;/td&gt;&lt;td&gt;10227&lt;/td&gt;&lt;td&gt;44.676&lt;/td&gt;&lt;td&gt;91.236&lt;/td&gt;&lt;td&gt;1263&lt;/td&gt;&lt;/tr&gt; &lt;tr&gt; &lt;td&gt;49300&lt;/td&gt;&lt;td&gt;9243&lt;/td&gt;&lt;td&gt;40.688&lt;/td&gt;&lt;td&gt;91.240&lt;/td&gt;&lt;td&gt;1168&lt;/td&gt;&lt;/tr&gt; &lt;tr&gt; &lt;td&gt;49319&lt;/td&gt;&lt;td&gt;11358&lt;/td&gt;&lt;td&gt;53.159&lt;/td&gt;&lt;td&gt;91.240&lt;/td&gt;&lt;td&gt;1528&lt;/td&gt;&lt;/tr&gt; &lt;tr&gt; &lt;td&gt;49320&lt;/td&gt;&lt;td&gt;11515&lt;/td&gt;&lt;td&gt;54.326&lt;/td&gt;&lt;td&gt;91.225&lt;/td&gt;&lt;td&gt;1608&lt;/td&gt;&lt;/tr&gt; &lt;tr&gt;&lt;/table&gt; Total file length :   305.594 Mbytes</subfield>
    </datafield>
  </record>