
  <record>
    <datafield atag="999" ind1=" " ind2=" ">
      <subfield code="9">Marcello Maggi</subfield>
      <subfield code="c">3445064411</subfield>
      <subfield code="s">306847080</subfield>
    </datafield>
    <datafield atag="980" ind1=" " ind2=" ">
      <subfield code="a">Real Data MINI Year 1999</subfield>
    </datafield>
    <datafield atag="856" ind1="4" ind2=" ">
      <subfield code="u">irods://data.repo.cineca.it:1247/CINECA01/home/EUDAT_STAFF/Aleph_Test/ZD4000.28.AL</subfield>
      <subfield code="y">EUDAT</subfield>
    </datafield>
    <datafield atag="856" ind1="4" ind2=" ">
      <subfield code="u">rfio:/castor/cern.ch/aleph/data/ZD4000.28.AL</subfield>
      <subfield code="y">CERN</subfield>
    </datafield>
    <datafield atag="710" ind1=" " ind2=" ">
      <subfield code="g">ALEPH Collaboration</subfield>
    </datafield>
    <datafield atag="245" ind1=" " ind2=" ">
      <subfield code="9">ALEPH</subfield>
      <subfield code="a">LEP2 Data from The ALEPH Collaboration</subfield>
    </datafield>
    <datafield atag="024" ind1="7" ind2=" ">
      <subfield code="2">Handle</subfield>
      <subfield code="a">11100/d465a934-be6c-11e3-8a61-e41f13eb41b2
</subfield>
    </datafield>
    <datafield atag="269" ind1=" " ind2=" ">
      <subfield code="c">1999</subfield>
    </datafield>
    <datafield atag="520" ind1=" " ind2=" ">
      <subfield code="9">ALEPH</subfield>
      <subfield code="h">Run contents for this data file &lt;table border=&quot;1&quot;&gt; &lt;tr&gt; &lt;th&gt;Run #&lt;/th&gt;&lt;th&gt;Nevents&lt;/th&gt;&lt;th&gt;Length (Mb)&lt;/th&gt;&lt;th&gt;LEP energy&lt;/th&gt;&lt;th&gt;Nb of Z0s&lt;/th&gt;&lt;/tr&gt; &lt;tr&gt; &lt;td&gt;50596&lt;/td&gt;&lt;td&gt;879&lt;/td&gt;&lt;td&gt;3.278&lt;/td&gt;&lt;td&gt;91.273&lt;/td&gt;&lt;td&gt;93&lt;/td&gt;&lt;/tr&gt; &lt;tr&gt; &lt;td&gt;51722&lt;/td&gt;&lt;td&gt;8034&lt;/td&gt;&lt;td&gt;27.819&lt;/td&gt;&lt;td&gt;91.243&lt;/td&gt;&lt;td&gt;737&lt;/td&gt;&lt;/tr&gt; &lt;tr&gt; &lt;td&gt;51724&lt;/td&gt;&lt;td&gt;8745&lt;/td&gt;&lt;td&gt;33.227&lt;/td&gt;&lt;td&gt;91.219&lt;/td&gt;&lt;td&gt;941&lt;/td&gt;&lt;/tr&gt; &lt;tr&gt; &lt;td&gt;51726&lt;/td&gt;&lt;td&gt;8199&lt;/td&gt;&lt;td&gt;23.380&lt;/td&gt;&lt;td&gt;91.245&lt;/td&gt;&lt;td&gt;518&lt;/td&gt;&lt;/tr&gt; &lt;tr&gt; &lt;td&gt;51728&lt;/td&gt;&lt;td&gt;15740&lt;/td&gt;&lt;td&gt;49.188&lt;/td&gt;&lt;td&gt;91.313&lt;/td&gt;&lt;td&gt;1275&lt;/td&gt;&lt;/tr&gt; &lt;tr&gt; &lt;td&gt;51729&lt;/td&gt;&lt;td&gt;15785&lt;/td&gt;&lt;td&gt;49.375&lt;/td&gt;&lt;td&gt;91.307&lt;/td&gt;&lt;td&gt;1356&lt;/td&gt;&lt;/tr&gt; &lt;tr&gt; &lt;td&gt;51730&lt;/td&gt;&lt;td&gt;14716&lt;/td&gt;&lt;td&gt;49.929&lt;/td&gt;&lt;td&gt;91.258&lt;/td&gt;&lt;td&gt;1393&lt;/td&gt;&lt;/tr&gt; &lt;tr&gt; &lt;td&gt;51731&lt;/td&gt;&lt;td&gt;12025&lt;/td&gt;&lt;td&gt;39.537&lt;/td&gt;&lt;td&gt;91.248&lt;/td&gt;&lt;td&gt;1100&lt;/td&gt;&lt;/tr&gt; &lt;tr&gt; &lt;td&gt;51732&lt;/td&gt;&lt;td&gt;3077&lt;/td&gt;&lt;td&gt;10.737&lt;/td&gt;&lt;td&gt;91.182&lt;/td&gt;&lt;td&gt;303&lt;/td&gt;&lt;/tr&gt; &lt;tr&gt; &lt;td&gt;51734&lt;/td&gt;&lt;td&gt;14255&lt;/td&gt;&lt;td&gt;50.049&lt;/td&gt;&lt;td&gt;91.196&lt;/td&gt;&lt;td&gt;1415&lt;/td&gt;&lt;/tr&gt; &lt;tr&gt;&lt;/table&gt; Total file length :   305.594 Mbytes</subfield>
    </datafield>
  </record>