
  <record>
    <datafield atag="999" ind1=" " ind2=" ">
      <subfield code="9">Marcello Maggi</subfield>
      <subfield code="c">3445064411</subfield>
      <subfield code="s">306847080</subfield>
    </datafield>
    <datafield atag="980" ind1=" " ind2=" ">
      <subfield code="a">Real Data MINI Year 1999</subfield>
    </datafield>
    <datafield atag="856" ind1="4" ind2=" ">
      <subfield code="u">irods://data.repo.cineca.it:1247/CINECA01/home/EUDAT_STAFF/Aleph_Test/ZD4000.31.AL</subfield>
      <subfield code="y">EUDAT</subfield>
    </datafield>
    <datafield atag="856" ind1="4" ind2=" ">
      <subfield code="u">rfio:/castor/cern.ch/aleph/data/ZD4000.31.AL</subfield>
      <subfield code="y">CERN</subfield>
    </datafield>
    <datafield atag="710" ind1=" " ind2=" ">
      <subfield code="g">ALEPH Collaboration</subfield>
    </datafield>
    <datafield atag="245" ind1=" " ind2=" ">
      <subfield code="9">ALEPH</subfield>
      <subfield code="a">LEP2 Data from The ALEPH Collaboration</subfield>
    </datafield>
    <datafield atag="024" ind1="7" ind2=" ">
      <subfield code="2">Handle</subfield>
      <subfield code="a">11100/b72684e2-be6c-11e3-8857-e41f13eb41b2
</subfield>
    </datafield>
    <datafield atag="269" ind1=" " ind2=" ">
      <subfield code="c">1999</subfield>
    </datafield>
    <datafield atag="520" ind1=" " ind2=" ">
      <subfield code="9">ALEPH</subfield>
      <subfield code="h">Run contents for this data file &lt;table border=&quot;1&quot;&gt; &lt;tr&gt; &lt;th&gt;Run #&lt;/th&gt;&lt;th&gt;Nevents&lt;/th&gt;&lt;th&gt;Length (Mb)&lt;/th&gt;&lt;th&gt;LEP energy&lt;/th&gt;&lt;th&gt;Nb of Z0s&lt;/th&gt;&lt;/tr&gt; &lt;tr&gt; &lt;td&gt;49401&lt;/td&gt;&lt;td&gt;12100&lt;/td&gt;&lt;td&gt;63.551&lt;/td&gt;&lt;td&gt;91.261&lt;/td&gt;&lt;td&gt;1941&lt;/td&gt;&lt;/tr&gt; &lt;tr&gt; &lt;td&gt;49402&lt;/td&gt;&lt;td&gt;12078&lt;/td&gt;&lt;td&gt;63.977&lt;/td&gt;&lt;td&gt;91.249&lt;/td&gt;&lt;td&gt;1975&lt;/td&gt;&lt;/tr&gt; &lt;tr&gt; &lt;td&gt;49404&lt;/td&gt;&lt;td&gt;2123&lt;/td&gt;&lt;td&gt;10.901&lt;/td&gt;&lt;td&gt;91.228&lt;/td&gt;&lt;td&gt;332&lt;/td&gt;&lt;/tr&gt; &lt;tr&gt; &lt;td&gt;49407&lt;/td&gt;&lt;td&gt;3213&lt;/td&gt;&lt;td&gt;15.256&lt;/td&gt;&lt;td&gt;91.336&lt;/td&gt;&lt;td&gt;449&lt;/td&gt;&lt;/tr&gt; &lt;tr&gt; &lt;td&gt;51751&lt;/td&gt;&lt;td&gt;15196&lt;/td&gt;&lt;td&gt;54.772&lt;/td&gt;&lt;td&gt;91.198&lt;/td&gt;&lt;td&gt;1568&lt;/td&gt;&lt;/tr&gt; &lt;tr&gt; &lt;td&gt;51752&lt;/td&gt;&lt;td&gt;14711&lt;/td&gt;&lt;td&gt;56.057&lt;/td&gt;&lt;td&gt;91.198&lt;/td&gt;&lt;td&gt;1611&lt;/td&gt;&lt;/tr&gt; &lt;tr&gt; &lt;td&gt;51753&lt;/td&gt;&lt;td&gt;14676&lt;/td&gt;&lt;td&gt;56.447&lt;/td&gt;&lt;td&gt;91.196&lt;/td&gt;&lt;td&gt;1672&lt;/td&gt;&lt;/tr&gt; &lt;tr&gt;&lt;/table&gt; Total file length :   305.594 Mbytes</subfield>
    </datafield>
  </record>