
  <record>
    <datafield atag="999" ind1=" " ind2=" ">
      <subfield code="9">Marcello Maggi</subfield>
      <subfield code="c">3445064411</subfield>
      <subfield code="s">306847080</subfield>
    </datafield>
    <datafield atag="980" ind1=" " ind2=" ">
      <subfield code="a">Real Data MINI Year 1999</subfield>
    </datafield>
    <datafield atag="856" ind1="4" ind2=" ">
      <subfield code="u">irods://data.repo.cineca.it:1247/CINECA01/home/EUDAT_STAFF/Aleph_Test/ZD4000.8.AL</subfield>
      <subfield code="y">EUDAT</subfield>
    </datafield>
    <datafield atag="856" ind1="4" ind2=" ">
      <subfield code="u">rfio:/castor/cern.ch/aleph/data/ZD4000.8.AL</subfield>
      <subfield code="y">CERN</subfield>
    </datafield>
    <datafield atag="710" ind1=" " ind2=" ">
      <subfield code="g">ALEPH Collaboration</subfield>
    </datafield>
    <datafield atag="245" ind1=" " ind2=" ">
      <subfield code="9">ALEPH</subfield>
      <subfield code="a">LEP2 Data from The ALEPH Collaboration</subfield>
    </datafield>
    <datafield atag="024" ind1="7" ind2=" ">
      <subfield code="2">Handle</subfield>
      <subfield code="a">11100/6af59cde-bee9-11e3-971e-e41f13eb41b2
</subfield>
    </datafield>
    <datafield atag="269" ind1=" " ind2=" ">
      <subfield code="c">1999</subfield>
    </datafield>
    <datafield atag="520" ind1=" " ind2=" ">
      <subfield code="9">ALEPH</subfield>
      <subfield code="h">Run contents for this data file &lt;table border=&quot;1&quot;&gt; &lt;tr&gt; &lt;th&gt;Run #&lt;/th&gt;&lt;th&gt;Nevents&lt;/th&gt;&lt;th&gt;Length (Mb)&lt;/th&gt;&lt;th&gt;LEP energy&lt;/th&gt;&lt;th&gt;Nb of Z0s&lt;/th&gt;&lt;/tr&gt; &lt;tr&gt; &lt;td&gt;49217&lt;/td&gt;&lt;td&gt;4442&lt;/td&gt;&lt;td&gt;12.704&lt;/td&gt;&lt;td&gt;91.236&lt;/td&gt;&lt;td&gt;290&lt;/td&gt;&lt;/tr&gt; &lt;tr&gt; &lt;td&gt;49218&lt;/td&gt;&lt;td&gt;648&lt;/td&gt;&lt;td&gt;1.955&lt;/td&gt;&lt;td&gt;91.234&lt;/td&gt;&lt;td&gt;44&lt;/td&gt;&lt;/tr&gt; &lt;tr&gt; &lt;td&gt;49220&lt;/td&gt;&lt;td&gt;76&lt;/td&gt;&lt;td&gt;0.303&lt;/td&gt;&lt;td&gt;91.234&lt;/td&gt;&lt;td&gt;7&lt;/td&gt;&lt;/tr&gt; &lt;tr&gt; &lt;td&gt;49222&lt;/td&gt;&lt;td&gt;3990&lt;/td&gt;&lt;td&gt;15.153&lt;/td&gt;&lt;td&gt;91.234&lt;/td&gt;&lt;td&gt;416&lt;/td&gt;&lt;/tr&gt; &lt;tr&gt; &lt;td&gt;49223&lt;/td&gt;&lt;td&gt;6666&lt;/td&gt;&lt;td&gt;22.996&lt;/td&gt;&lt;td&gt;91.237&lt;/td&gt;&lt;td&gt;579&lt;/td&gt;&lt;/tr&gt; &lt;tr&gt; &lt;td&gt;49224&lt;/td&gt;&lt;td&gt;5916&lt;/td&gt;&lt;td&gt;19.681&lt;/td&gt;&lt;td&gt;91.239&lt;/td&gt;&lt;td&gt;505&lt;/td&gt;&lt;/tr&gt; &lt;tr&gt; &lt;td&gt;49235&lt;/td&gt;&lt;td&gt;6410&lt;/td&gt;&lt;td&gt;19.990&lt;/td&gt;&lt;td&gt;91.221&lt;/td&gt;&lt;td&gt;480&lt;/td&gt;&lt;/tr&gt; &lt;tr&gt; &lt;td&gt;49240&lt;/td&gt;&lt;td&gt;11083&lt;/td&gt;&lt;td&gt;34.741&lt;/td&gt;&lt;td&gt;91.238&lt;/td&gt;&lt;td&gt;779&lt;/td&gt;&lt;/tr&gt; &lt;tr&gt; &lt;td&gt;49241&lt;/td&gt;&lt;td&gt;10783&lt;/td&gt;&lt;td&gt;41.182&lt;/td&gt;&lt;td&gt;91.242&lt;/td&gt;&lt;td&gt;1054&lt;/td&gt;&lt;/tr&gt; &lt;tr&gt; &lt;td&gt;49242&lt;/td&gt;&lt;td&gt;420&lt;/td&gt;&lt;td&gt;1.489&lt;/td&gt;&lt;td&gt;91.250&lt;/td&gt;&lt;td&gt;35&lt;/td&gt;&lt;/tr&gt; &lt;tr&gt; &lt;td&gt;49243&lt;/td&gt;&lt;td&gt;11553&lt;/td&gt;&lt;td&gt;42.327&lt;/td&gt;&lt;td&gt;91.242&lt;/td&gt;&lt;td&gt;1076&lt;/td&gt;&lt;/tr&gt; &lt;tr&gt; &lt;td&gt;49244&lt;/td&gt;&lt;td&gt;11697&lt;/td&gt;&lt;td&gt;46.579&lt;/td&gt;&lt;td&gt;91.242&lt;/td&gt;&lt;td&gt;1244&lt;/td&gt;&lt;/tr&gt; &lt;tr&gt; &lt;td&gt;49245&lt;/td&gt;&lt;td&gt;11961&lt;/td&gt;&lt;td&gt;46.493&lt;/td&gt;&lt;td&gt;91.242&lt;/td&gt;&lt;td&gt;1251&lt;/td&gt;&lt;/tr&gt; &lt;tr&gt;&lt;/table&gt; Total file length :   305.594 Mbytes</subfield>
    </datafield>
  </record>