
  <record>
    <datafield atag="999" ind1=" " ind2=" ">
      <subfield code="9">Marcello Maggi</subfield>
      <subfield code="c">3445064411</subfield>
      <subfield code="s">306847080</subfield>
    </datafield>
    <datafield atag="980" ind1=" " ind2=" ">
      <subfield code="a">Real Data MINI Year 1999</subfield>
    </datafield>
    <datafield atag="856" ind1="4" ind2=" ">
      <subfield code="u">irods://data.repo.cineca.it:1247/CINECA01/home/EUDAT_STAFF/Aleph_Test/ZD4002.10.AL</subfield>
      <subfield code="y">EUDAT</subfield>
    </datafield>
    <datafield atag="856" ind1="4" ind2=" ">
      <subfield code="u">rfio:/castor/cern.ch/aleph/data/ZD4002.10.AL</subfield>
      <subfield code="y">CERN</subfield>
    </datafield>
    <datafield atag="710" ind1=" " ind2=" ">
      <subfield code="g">ALEPH Collaboration</subfield>
    </datafield>
    <datafield atag="245" ind1=" " ind2=" ">
      <subfield code="9">ALEPH</subfield>
      <subfield code="a">LEP2 Data from The ALEPH Collaboration</subfield>
    </datafield>
    <datafield atag="024" ind1="7" ind2=" ">
      <subfield code="2">Handle</subfield>
      <subfield code="a">11100/61c5ca04-cbea-11e3-94b2-e41f13eb41b2
</subfield>
    </datafield>
    <datafield atag="269" ind1=" " ind2=" ">
      <subfield code="c">1999</subfield>
    </datafield>
    <datafield atag="520" ind1=" " ind2=" ">
      <subfield code="9">ALEPH</subfield>
      <subfield code="h">Run contents for this data file &lt;table border=&quot;1&quot;&gt; &lt;tr&gt; &lt;th&gt;Run #&lt;/th&gt;&lt;th&gt;Nevents&lt;/th&gt;&lt;th&gt;Length (Mb)&lt;/th&gt;&lt;th&gt;LEP energy&lt;/th&gt;&lt;th&gt;Nb of Z0s&lt;/th&gt;&lt;/tr&gt; &lt;tr&gt; &lt;td&gt;49561&lt;/td&gt;&lt;td&gt;17102&lt;/td&gt;&lt;td&gt;40.550&lt;/td&gt;&lt;td&gt;191.597&lt;/td&gt;&lt;td&gt;21&lt;/td&gt;&lt;/tr&gt; &lt;tr&gt; &lt;td&gt;49562&lt;/td&gt;&lt;td&gt;3125&lt;/td&gt;&lt;td&gt;7.243&lt;/td&gt;&lt;td&gt;191.599&lt;/td&gt;&lt;td&gt;3&lt;/td&gt;&lt;/tr&gt; &lt;tr&gt; &lt;td&gt;49567&lt;/td&gt;&lt;td&gt;17204&lt;/td&gt;&lt;td&gt;43.727&lt;/td&gt;&lt;td&gt;191.634&lt;/td&gt;&lt;td&gt;26&lt;/td&gt;&lt;/tr&gt; &lt;tr&gt; &lt;td&gt;49568&lt;/td&gt;&lt;td&gt;8613&lt;/td&gt;&lt;td&gt;21.701&lt;/td&gt;&lt;td&gt;191.636&lt;/td&gt;&lt;td&gt;15&lt;/td&gt;&lt;/tr&gt; &lt;tr&gt; &lt;td&gt;49573&lt;/td&gt;&lt;td&gt;4517&lt;/td&gt;&lt;td&gt;10.646&lt;/td&gt;&lt;td&gt;191.605&lt;/td&gt;&lt;td&gt;2&lt;/td&gt;&lt;/tr&gt; &lt;tr&gt; &lt;td&gt;49576&lt;/td&gt;&lt;td&gt;18537&lt;/td&gt;&lt;td&gt;45.932&lt;/td&gt;&lt;td&gt;191.618&lt;/td&gt;&lt;td&gt;24&lt;/td&gt;&lt;/tr&gt; &lt;tr&gt; &lt;td&gt;49577&lt;/td&gt;&lt;td&gt;11253&lt;/td&gt;&lt;td&gt;27.869&lt;/td&gt;&lt;td&gt;191.610&lt;/td&gt;&lt;td&gt;22&lt;/td&gt;&lt;/tr&gt; &lt;tr&gt; &lt;td&gt;49580&lt;/td&gt;&lt;td&gt;18487&lt;/td&gt;&lt;td&gt;49.709&lt;/td&gt;&lt;td&gt;191.603&lt;/td&gt;&lt;td&gt;22&lt;/td&gt;&lt;/tr&gt; &lt;tr&gt; &lt;td&gt;49581&lt;/td&gt;&lt;td&gt;19376&lt;/td&gt;&lt;td&gt;47.963&lt;/td&gt;&lt;td&gt;191.618&lt;/td&gt;&lt;td&gt;19&lt;/td&gt;&lt;/tr&gt; &lt;tr&gt; &lt;td&gt;49582&lt;/td&gt;&lt;td&gt;6567&lt;/td&gt;&lt;td&gt;15.909&lt;/td&gt;&lt;td&gt;191.616&lt;/td&gt;&lt;td&gt;8&lt;/td&gt;&lt;/tr&gt; &lt;tr&gt;&lt;/table&gt; Total file length :   305.594 Mbytes</subfield>
    </datafield>
  </record>