
  <record>
    <datafield atag="999" ind1=" " ind2=" ">
      <subfield code="9">Marcello Maggi</subfield>
      <subfield code="c">3445064411</subfield>
      <subfield code="s">306847080</subfield>
    </datafield>
    <datafield atag="980" ind1=" " ind2=" ">
      <subfield code="a">Real Data MINI Year 1999</subfield>
    </datafield>
    <datafield atag="856" ind1="4" ind2=" ">
      <subfield code="u">irods://data.repo.cineca.it:1247/CINECA01/home/EUDAT_STAFF/Aleph_Test/ZD4002.12.AL</subfield>
      <subfield code="y">EUDAT</subfield>
    </datafield>
    <datafield atag="856" ind1="4" ind2=" ">
      <subfield code="u">rfio:/castor/cern.ch/aleph/data/ZD4002.12.AL</subfield>
      <subfield code="y">CERN</subfield>
    </datafield>
    <datafield atag="710" ind1=" " ind2=" ">
      <subfield code="g">ALEPH Collaboration</subfield>
    </datafield>
    <datafield atag="245" ind1=" " ind2=" ">
      <subfield code="9">ALEPH</subfield>
      <subfield code="a">LEP2 Data from The ALEPH Collaboration</subfield>
    </datafield>
    <datafield atag="024" ind1="7" ind2=" ">
      <subfield code="2">Handle</subfield>
      <subfield code="a">11100/77ffff9c-cbea-11e3-a405-e41f13eb41b2
</subfield>
    </datafield>
    <datafield atag="269" ind1=" " ind2=" ">
      <subfield code="c">1999</subfield>
    </datafield>
    <datafield atag="520" ind1=" " ind2=" ">
      <subfield code="9">ALEPH</subfield>
      <subfield code="h">Run contents for this data file &lt;table border=&quot;1&quot;&gt; &lt;tr&gt; &lt;th&gt;Run #&lt;/th&gt;&lt;th&gt;Nevents&lt;/th&gt;&lt;th&gt;Length (Mb)&lt;/th&gt;&lt;th&gt;LEP energy&lt;/th&gt;&lt;th&gt;Nb of Z0s&lt;/th&gt;&lt;/tr&gt; &lt;tr&gt; &lt;td&gt;49599&lt;/td&gt;&lt;td&gt;5821&lt;/td&gt;&lt;td&gt;15.077&lt;/td&gt;&lt;td&gt;191.630&lt;/td&gt;&lt;td&gt;10&lt;/td&gt;&lt;/tr&gt; &lt;tr&gt; &lt;td&gt;49609&lt;/td&gt;&lt;td&gt;18853&lt;/td&gt;&lt;td&gt;46.419&lt;/td&gt;&lt;td&gt;191.604&lt;/td&gt;&lt;td&gt;25&lt;/td&gt;&lt;/tr&gt; &lt;tr&gt; &lt;td&gt;49610&lt;/td&gt;&lt;td&gt;18442&lt;/td&gt;&lt;td&gt;45.315&lt;/td&gt;&lt;td&gt;191.610&lt;/td&gt;&lt;td&gt;32&lt;/td&gt;&lt;/tr&gt; &lt;tr&gt; &lt;td&gt;49611&lt;/td&gt;&lt;td&gt;9434&lt;/td&gt;&lt;td&gt;22.077&lt;/td&gt;&lt;td&gt;191.618&lt;/td&gt;&lt;td&gt;14&lt;/td&gt;&lt;/tr&gt; &lt;tr&gt; &lt;td&gt;49615&lt;/td&gt;&lt;td&gt;9200&lt;/td&gt;&lt;td&gt;23.990&lt;/td&gt;&lt;td&gt;191.615&lt;/td&gt;&lt;td&gt;19&lt;/td&gt;&lt;/tr&gt; &lt;tr&gt; &lt;td&gt;49623&lt;/td&gt;&lt;td&gt;18348&lt;/td&gt;&lt;td&gt;48.271&lt;/td&gt;&lt;td&gt;191.558&lt;/td&gt;&lt;td&gt;29&lt;/td&gt;&lt;/tr&gt; &lt;tr&gt; &lt;td&gt;49624&lt;/td&gt;&lt;td&gt;19048&lt;/td&gt;&lt;td&gt;51.215&lt;/td&gt;&lt;td&gt;191.536&lt;/td&gt;&lt;td&gt;27&lt;/td&gt;&lt;/tr&gt; &lt;tr&gt; &lt;td&gt;49625&lt;/td&gt;&lt;td&gt;7521&lt;/td&gt;&lt;td&gt;19.272&lt;/td&gt;&lt;td&gt;191.542&lt;/td&gt;&lt;td&gt;16&lt;/td&gt;&lt;/tr&gt; &lt;tr&gt; &lt;td&gt;49628&lt;/td&gt;&lt;td&gt;19046&lt;/td&gt;&lt;td&gt;53.332&lt;/td&gt;&lt;td&gt;191.557&lt;/td&gt;&lt;td&gt;36&lt;/td&gt;&lt;/tr&gt; &lt;tr&gt;&lt;/table&gt; Total file length :   305.594 Mbytes</subfield>
    </datafield>
  </record>