
  <record>
    <datafield atag="999" ind1=" " ind2=" ">
      <subfield code="9">Marcello Maggi</subfield>
      <subfield code="c">3445064411</subfield>
      <subfield code="s">306847080</subfield>
    </datafield>
    <datafield atag="980" ind1=" " ind2=" ">
      <subfield code="a">Real Data MINI Year 1999</subfield>
    </datafield>
    <datafield atag="856" ind1="4" ind2=" ">
      <subfield code="u">irods://data.repo.cineca.it:1247/CINECA01/home/EUDAT_STAFF/Aleph_Test/ZD4002.13.AL</subfield>
      <subfield code="y">EUDAT</subfield>
    </datafield>
    <datafield atag="856" ind1="4" ind2=" ">
      <subfield code="u">rfio:/castor/cern.ch/aleph/data/ZD4002.13.AL</subfield>
      <subfield code="y">CERN</subfield>
    </datafield>
    <datafield atag="710" ind1=" " ind2=" ">
      <subfield code="g">ALEPH Collaboration</subfield>
    </datafield>
    <datafield atag="245" ind1=" " ind2=" ">
      <subfield code="9">ALEPH</subfield>
      <subfield code="a">LEP2 Data from The ALEPH Collaboration</subfield>
    </datafield>
    <datafield atag="024" ind1="7" ind2=" ">
      <subfield code="2">Handle</subfield>
      <subfield code="a">11100/8357949a-cbea-11e3-af93-e41f13eb41b2
</subfield>
    </datafield>
    <datafield atag="269" ind1=" " ind2=" ">
      <subfield code="c">1999</subfield>
    </datafield>
    <datafield atag="520" ind1=" " ind2=" ">
      <subfield code="9">ALEPH</subfield>
      <subfield code="h">Run contents for this data file &lt;table border=&quot;1&quot;&gt; &lt;tr&gt; &lt;th&gt;Run #&lt;/th&gt;&lt;th&gt;Nevents&lt;/th&gt;&lt;th&gt;Length (Mb)&lt;/th&gt;&lt;th&gt;LEP energy&lt;/th&gt;&lt;th&gt;Nb of Z0s&lt;/th&gt;&lt;/tr&gt; &lt;tr&gt; &lt;td&gt;49629&lt;/td&gt;&lt;td&gt;19730&lt;/td&gt;&lt;td&gt;53.702&lt;/td&gt;&lt;td&gt;191.552&lt;/td&gt;&lt;td&gt;37&lt;/td&gt;&lt;/tr&gt; &lt;tr&gt; &lt;td&gt;49630&lt;/td&gt;&lt;td&gt;15101&lt;/td&gt;&lt;td&gt;38.263&lt;/td&gt;&lt;td&gt;191.555&lt;/td&gt;&lt;td&gt;24&lt;/td&gt;&lt;/tr&gt; &lt;tr&gt; &lt;td&gt;49631&lt;/td&gt;&lt;td&gt;2492&lt;/td&gt;&lt;td&gt;6.003&lt;/td&gt;&lt;td&gt;191.558&lt;/td&gt;&lt;td&gt;5&lt;/td&gt;&lt;/tr&gt; &lt;tr&gt; &lt;td&gt;49642&lt;/td&gt;&lt;td&gt;18283&lt;/td&gt;&lt;td&gt;46.624&lt;/td&gt;&lt;td&gt;191.605&lt;/td&gt;&lt;td&gt;26&lt;/td&gt;&lt;/tr&gt; &lt;tr&gt; &lt;td&gt;49643&lt;/td&gt;&lt;td&gt;7225&lt;/td&gt;&lt;td&gt;19.478&lt;/td&gt;&lt;td&gt;191.555&lt;/td&gt;&lt;td&gt;14&lt;/td&gt;&lt;/tr&gt; &lt;tr&gt; &lt;td&gt;49645&lt;/td&gt;&lt;td&gt;1812&lt;/td&gt;&lt;td&gt;4.613&lt;/td&gt;&lt;td&gt;191.687&lt;/td&gt;&lt;td&gt;-1&lt;/td&gt;&lt;/tr&gt; &lt;tr&gt; &lt;td&gt;49647&lt;/td&gt;&lt;td&gt;18309&lt;/td&gt;&lt;td&gt;48.115&lt;/td&gt;&lt;td&gt;191.559&lt;/td&gt;&lt;td&gt;38&lt;/td&gt;&lt;/tr&gt; &lt;tr&gt; &lt;td&gt;49648&lt;/td&gt;&lt;td&gt;12018&lt;/td&gt;&lt;td&gt;33.435&lt;/td&gt;&lt;td&gt;191.549&lt;/td&gt;&lt;td&gt;23&lt;/td&gt;&lt;/tr&gt; &lt;tr&gt; &lt;td&gt;49650&lt;/td&gt;&lt;td&gt;2944&lt;/td&gt;&lt;td&gt;8.243&lt;/td&gt;&lt;td&gt;191.641&lt;/td&gt;&lt;td&gt;9&lt;/td&gt;&lt;/tr&gt; &lt;tr&gt; &lt;td&gt;49652&lt;/td&gt;&lt;td&gt;18897&lt;/td&gt;&lt;td&gt;53.610&lt;/td&gt;&lt;td&gt;191.563&lt;/td&gt;&lt;td&gt;33&lt;/td&gt;&lt;/tr&gt; &lt;tr&gt;&lt;/table&gt; Total file length :   305.594 Mbytes</subfield>
    </datafield>
  </record>