
  <record>
    <datafield atag="999" ind1=" " ind2=" ">
      <subfield code="9">Marcello Maggi</subfield>
      <subfield code="c">3445064411</subfield>
      <subfield code="s">306847080</subfield>
    </datafield>
    <datafield atag="980" ind1=" " ind2=" ">
      <subfield code="a">Real Data MINI Year 1999</subfield>
    </datafield>
    <datafield atag="856" ind1="4" ind2=" ">
      <subfield code="u">irods://data.repo.cineca.it:1247/CINECA01/home/EUDAT_STAFF/Aleph_Test/ZD4002.14.AL</subfield>
      <subfield code="y">EUDAT</subfield>
    </datafield>
    <datafield atag="856" ind1="4" ind2=" ">
      <subfield code="u">rfio:/castor/cern.ch/aleph/data/ZD4002.14.AL</subfield>
      <subfield code="y">CERN</subfield>
    </datafield>
    <datafield atag="710" ind1=" " ind2=" ">
      <subfield code="g">ALEPH Collaboration</subfield>
    </datafield>
    <datafield atag="245" ind1=" " ind2=" ">
      <subfield code="9">ALEPH</subfield>
      <subfield code="a">LEP2 Data from The ALEPH Collaboration</subfield>
    </datafield>
    <datafield atag="024" ind1="7" ind2=" ">
      <subfield code="2">Handle</subfield>
      <subfield code="a">11100/8b9836b4-cbea-11e3-ac0a-e41f13eb41b2
</subfield>
    </datafield>
    <datafield atag="269" ind1=" " ind2=" ">
      <subfield code="c">1999</subfield>
    </datafield>
    <datafield atag="520" ind1=" " ind2=" ">
      <subfield code="9">ALEPH</subfield>
      <subfield code="h">Run contents for this data file &lt;table border=&quot;1&quot;&gt; &lt;tr&gt; &lt;th&gt;Run #&lt;/th&gt;&lt;th&gt;Nevents&lt;/th&gt;&lt;th&gt;Length (Mb)&lt;/th&gt;&lt;th&gt;LEP energy&lt;/th&gt;&lt;th&gt;Nb of Z0s&lt;/th&gt;&lt;/tr&gt; &lt;tr&gt; &lt;td&gt;49653&lt;/td&gt;&lt;td&gt;15334&lt;/td&gt;&lt;td&gt;41.458&lt;/td&gt;&lt;td&gt;191.548&lt;/td&gt;&lt;td&gt;30&lt;/td&gt;&lt;/tr&gt; &lt;tr&gt; &lt;td&gt;49655&lt;/td&gt;&lt;td&gt;18925&lt;/td&gt;&lt;td&gt;50.413&lt;/td&gt;&lt;td&gt;191.522&lt;/td&gt;&lt;td&gt;35&lt;/td&gt;&lt;/tr&gt; &lt;tr&gt; &lt;td&gt;49656&lt;/td&gt;&lt;td&gt;16200&lt;/td&gt;&lt;td&gt;40.771&lt;/td&gt;&lt;td&gt;191.527&lt;/td&gt;&lt;td&gt;16&lt;/td&gt;&lt;/tr&gt; &lt;tr&gt; &lt;td&gt;49658&lt;/td&gt;&lt;td&gt;8322&lt;/td&gt;&lt;td&gt;22.093&lt;/td&gt;&lt;td&gt;191.575&lt;/td&gt;&lt;td&gt;17&lt;/td&gt;&lt;/tr&gt; &lt;tr&gt; &lt;td&gt;49662&lt;/td&gt;&lt;td&gt;592&lt;/td&gt;&lt;td&gt;1.757&lt;/td&gt;&lt;td&gt;191.632&lt;/td&gt;&lt;td&gt;-1&lt;/td&gt;&lt;/tr&gt; &lt;tr&gt; &lt;td&gt;49664&lt;/td&gt;&lt;td&gt;18510&lt;/td&gt;&lt;td&gt;50.894&lt;/td&gt;&lt;td&gt;191.569&lt;/td&gt;&lt;td&gt;32&lt;/td&gt;&lt;/tr&gt; &lt;tr&gt; &lt;td&gt;49665&lt;/td&gt;&lt;td&gt;19269&lt;/td&gt;&lt;td&gt;52.233&lt;/td&gt;&lt;td&gt;191.552&lt;/td&gt;&lt;td&gt;25&lt;/td&gt;&lt;/tr&gt; &lt;tr&gt; &lt;td&gt;49666&lt;/td&gt;&lt;td&gt;8756&lt;/td&gt;&lt;td&gt;22.108&lt;/td&gt;&lt;td&gt;191.560&lt;/td&gt;&lt;td&gt;10&lt;/td&gt;&lt;/tr&gt; &lt;tr&gt; &lt;td&gt;49668&lt;/td&gt;&lt;td&gt;18424&lt;/td&gt;&lt;td&gt;52.824&lt;/td&gt;&lt;td&gt;191.552&lt;/td&gt;&lt;td&gt;48&lt;/td&gt;&lt;/tr&gt; &lt;tr&gt;&lt;/table&gt; Total file length :   305.594 Mbytes</subfield>
    </datafield>
  </record>