
  <record>
    <datafield atag="999" ind1=" " ind2=" ">
      <subfield code="9">Marcello Maggi</subfield>
      <subfield code="c">3445064411</subfield>
      <subfield code="s">306847080</subfield>
    </datafield>
    <datafield atag="980" ind1=" " ind2=" ">
      <subfield code="a">Real Data MINI Year 1999</subfield>
    </datafield>
    <datafield atag="856" ind1="4" ind2=" ">
      <subfield code="u">irods://data.repo.cineca.it:1247/CINECA01/home/EUDAT_STAFF/Aleph_Test/ZD4002.15.AL</subfield>
      <subfield code="y">EUDAT</subfield>
    </datafield>
    <datafield atag="856" ind1="4" ind2=" ">
      <subfield code="u">rfio:/castor/cern.ch/aleph/data/ZD4002.15.AL</subfield>
      <subfield code="y">CERN</subfield>
    </datafield>
    <datafield atag="710" ind1=" " ind2=" ">
      <subfield code="g">ALEPH Collaboration</subfield>
    </datafield>
    <datafield atag="245" ind1=" " ind2=" ">
      <subfield code="9">ALEPH</subfield>
      <subfield code="a">LEP2 Data from The ALEPH Collaboration</subfield>
    </datafield>
    <datafield atag="024" ind1="7" ind2=" ">
      <subfield code="2">Handle</subfield>
      <subfield code="a">11100/9437683a-cbea-11e3-9f0c-e41f13eb41b2
</subfield>
    </datafield>
    <datafield atag="269" ind1=" " ind2=" ">
      <subfield code="c">1999</subfield>
    </datafield>
    <datafield atag="520" ind1=" " ind2=" ">
      <subfield code="9">ALEPH</subfield>
      <subfield code="h">Run contents for this data file &lt;table border=&quot;1&quot;&gt; &lt;tr&gt; &lt;th&gt;Run #&lt;/th&gt;&lt;th&gt;Nevents&lt;/th&gt;&lt;th&gt;Length (Mb)&lt;/th&gt;&lt;th&gt;LEP energy&lt;/th&gt;&lt;th&gt;Nb of Z0s&lt;/th&gt;&lt;/tr&gt; &lt;tr&gt; &lt;td&gt;49669&lt;/td&gt;&lt;td&gt;7141&lt;/td&gt;&lt;td&gt;20.135&lt;/td&gt;&lt;td&gt;191.575&lt;/td&gt;&lt;td&gt;7&lt;/td&gt;&lt;/tr&gt; &lt;tr&gt; &lt;td&gt;49671&lt;/td&gt;&lt;td&gt;18406&lt;/td&gt;&lt;td&gt;49.048&lt;/td&gt;&lt;td&gt;191.534&lt;/td&gt;&lt;td&gt;24&lt;/td&gt;&lt;/tr&gt; &lt;tr&gt; &lt;td&gt;49672&lt;/td&gt;&lt;td&gt;17091&lt;/td&gt;&lt;td&gt;42.050&lt;/td&gt;&lt;td&gt;191.529&lt;/td&gt;&lt;td&gt;23&lt;/td&gt;&lt;/tr&gt; &lt;tr&gt; &lt;td&gt;49673&lt;/td&gt;&lt;td&gt;978&lt;/td&gt;&lt;td&gt;2.346&lt;/td&gt;&lt;td&gt;191.520&lt;/td&gt;&lt;td&gt;2&lt;/td&gt;&lt;/tr&gt; &lt;tr&gt; &lt;td&gt;49675&lt;/td&gt;&lt;td&gt;19255&lt;/td&gt;&lt;td&gt;51.441&lt;/td&gt;&lt;td&gt;191.520&lt;/td&gt;&lt;td&gt;32&lt;/td&gt;&lt;/tr&gt; &lt;tr&gt; &lt;td&gt;49676&lt;/td&gt;&lt;td&gt;15441&lt;/td&gt;&lt;td&gt;40.239&lt;/td&gt;&lt;td&gt;191.519&lt;/td&gt;&lt;td&gt;31&lt;/td&gt;&lt;/tr&gt; &lt;tr&gt; &lt;td&gt;49678&lt;/td&gt;&lt;td&gt;18702&lt;/td&gt;&lt;td&gt;51.554&lt;/td&gt;&lt;td&gt;191.626&lt;/td&gt;&lt;td&gt;28&lt;/td&gt;&lt;/tr&gt; &lt;tr&gt; &lt;td&gt;49679&lt;/td&gt;&lt;td&gt;12214&lt;/td&gt;&lt;td&gt;34.403&lt;/td&gt;&lt;td&gt;191.576&lt;/td&gt;&lt;td&gt;27&lt;/td&gt;&lt;/tr&gt; &lt;tr&gt; &lt;td&gt;49682&lt;/td&gt;&lt;td&gt;19370&lt;/td&gt;&lt;td&gt;52.918&lt;/td&gt;&lt;td&gt;191.543&lt;/td&gt;&lt;td&gt;37&lt;/td&gt;&lt;/tr&gt; &lt;tr&gt;&lt;/table&gt; Total file length :   305.594 Mbytes</subfield>
    </datafield>
  </record>