
  <record>
    <datafield atag="999" ind1=" " ind2=" ">
      <subfield code="9">Marcello Maggi</subfield>
      <subfield code="c">3445064411</subfield>
      <subfield code="s">306847080</subfield>
    </datafield>
    <datafield atag="980" ind1=" " ind2=" ">
      <subfield code="a">Real Data MINI Year 1999</subfield>
    </datafield>
    <datafield atag="856" ind1="4" ind2=" ">
      <subfield code="u">irods://data.repo.cineca.it:1247/CINECA01/home/EUDAT_STAFF/Aleph_Test/ZD4002.16.AL</subfield>
      <subfield code="y">EUDAT</subfield>
    </datafield>
    <datafield atag="856" ind1="4" ind2=" ">
      <subfield code="u">rfio:/castor/cern.ch/aleph/data/ZD4002.16.AL</subfield>
      <subfield code="y">CERN</subfield>
    </datafield>
    <datafield atag="710" ind1=" " ind2=" ">
      <subfield code="g">ALEPH Collaboration</subfield>
    </datafield>
    <datafield atag="245" ind1=" " ind2=" ">
      <subfield code="9">ALEPH</subfield>
      <subfield code="a">LEP2 Data from The ALEPH Collaboration</subfield>
    </datafield>
    <datafield atag="024" ind1="7" ind2=" ">
      <subfield code="2">Handle</subfield>
      <subfield code="a">11100/9c421052-cbea-11e3-af0f-e41f13eb41b2
</subfield>
    </datafield>
    <datafield atag="269" ind1=" " ind2=" ">
      <subfield code="c">1999</subfield>
    </datafield>
    <datafield atag="520" ind1=" " ind2=" ">
      <subfield code="9">ALEPH</subfield>
      <subfield code="h">Run contents for this data file &lt;table border=&quot;1&quot;&gt; &lt;tr&gt; &lt;th&gt;Run #&lt;/th&gt;&lt;th&gt;Nevents&lt;/th&gt;&lt;th&gt;Length (Mb)&lt;/th&gt;&lt;th&gt;LEP energy&lt;/th&gt;&lt;th&gt;Nb of Z0s&lt;/th&gt;&lt;/tr&gt; &lt;tr&gt; &lt;td&gt;49683&lt;/td&gt;&lt;td&gt;2828&lt;/td&gt;&lt;td&gt;7.241&lt;/td&gt;&lt;td&gt;191.543&lt;/td&gt;&lt;td&gt;6&lt;/td&gt;&lt;/tr&gt; &lt;tr&gt; &lt;td&gt;49685&lt;/td&gt;&lt;td&gt;19202&lt;/td&gt;&lt;td&gt;53.676&lt;/td&gt;&lt;td&gt;191.551&lt;/td&gt;&lt;td&gt;35&lt;/td&gt;&lt;/tr&gt; &lt;tr&gt; &lt;td&gt;49686&lt;/td&gt;&lt;td&gt;1670&lt;/td&gt;&lt;td&gt;4.706&lt;/td&gt;&lt;td&gt;191.553&lt;/td&gt;&lt;td&gt;2&lt;/td&gt;&lt;/tr&gt; &lt;tr&gt; &lt;td&gt;49704&lt;/td&gt;&lt;td&gt;4805&lt;/td&gt;&lt;td&gt;11.666&lt;/td&gt;&lt;td&gt;191.602&lt;/td&gt;&lt;td&gt;5&lt;/td&gt;&lt;/tr&gt; &lt;tr&gt; &lt;td&gt;49706&lt;/td&gt;&lt;td&gt;16231&lt;/td&gt;&lt;td&gt;40.898&lt;/td&gt;&lt;td&gt;191.514&lt;/td&gt;&lt;td&gt;19&lt;/td&gt;&lt;/tr&gt; &lt;tr&gt; &lt;td&gt;49712&lt;/td&gt;&lt;td&gt;18028&lt;/td&gt;&lt;td&gt;48.061&lt;/td&gt;&lt;td&gt;191.556&lt;/td&gt;&lt;td&gt;26&lt;/td&gt;&lt;/tr&gt; &lt;tr&gt; &lt;td&gt;49713&lt;/td&gt;&lt;td&gt;8219&lt;/td&gt;&lt;td&gt;19.848&lt;/td&gt;&lt;td&gt;191.535&lt;/td&gt;&lt;td&gt;11&lt;/td&gt;&lt;/tr&gt; &lt;tr&gt; &lt;td&gt;49726&lt;/td&gt;&lt;td&gt;18101&lt;/td&gt;&lt;td&gt;45.620&lt;/td&gt;&lt;td&gt;191.638&lt;/td&gt;&lt;td&gt;25&lt;/td&gt;&lt;/tr&gt; &lt;tr&gt; &lt;td&gt;49727&lt;/td&gt;&lt;td&gt;10510&lt;/td&gt;&lt;td&gt;26.410&lt;/td&gt;&lt;td&gt;191.530&lt;/td&gt;&lt;td&gt;17&lt;/td&gt;&lt;/tr&gt; &lt;tr&gt; &lt;td&gt;49730&lt;/td&gt;&lt;td&gt;10033&lt;/td&gt;&lt;td&gt;25.672&lt;/td&gt;&lt;td&gt;195.618&lt;/td&gt;&lt;td&gt;17&lt;/td&gt;&lt;/tr&gt; &lt;tr&gt; &lt;td&gt;49734&lt;/td&gt;&lt;td&gt;13019&lt;/td&gt;&lt;td&gt;35.420&lt;/td&gt;&lt;td&gt;191.580&lt;/td&gt;&lt;td&gt;23&lt;/td&gt;&lt;/tr&gt; &lt;tr&gt;&lt;/table&gt; Total file length :   305.594 Mbytes</subfield>
    </datafield>
  </record>