
  <record>
    <datafield atag="999" ind1=" " ind2=" ">
      <subfield code="9">Marcello Maggi</subfield>
      <subfield code="c">3445064411</subfield>
      <subfield code="s">306847080</subfield>
    </datafield>
    <datafield atag="980" ind1=" " ind2=" ">
      <subfield code="a">Real Data MINI Year 1999</subfield>
    </datafield>
    <datafield atag="856" ind1="4" ind2=" ">
      <subfield code="u">irods://data.repo.cineca.it:1247/CINECA01/home/EUDAT_STAFF/Aleph_Test/ZD4002.18.AL</subfield>
      <subfield code="y">EUDAT</subfield>
    </datafield>
    <datafield atag="856" ind1="4" ind2=" ">
      <subfield code="u">rfio:/castor/cern.ch/aleph/data/ZD4002.18.AL</subfield>
      <subfield code="y">CERN</subfield>
    </datafield>
    <datafield atag="710" ind1=" " ind2=" ">
      <subfield code="g">ALEPH Collaboration</subfield>
    </datafield>
    <datafield atag="245" ind1=" " ind2=" ">
      <subfield code="9">ALEPH</subfield>
      <subfield code="a">LEP2 Data from The ALEPH Collaboration</subfield>
    </datafield>
    <datafield atag="024" ind1="7" ind2=" ">
      <subfield code="2">Handle</subfield>
      <subfield code="a">11100/aeb05d7a-cbea-11e3-8899-e41f13eb41b2
</subfield>
    </datafield>
    <datafield atag="269" ind1=" " ind2=" ">
      <subfield code="c">1999</subfield>
    </datafield>
    <datafield atag="520" ind1=" " ind2=" ">
      <subfield code="9">ALEPH</subfield>
      <subfield code="h">Run contents for this data file &lt;table border=&quot;1&quot;&gt; &lt;tr&gt; &lt;th&gt;Run #&lt;/th&gt;&lt;th&gt;Nevents&lt;/th&gt;&lt;th&gt;Length (Mb)&lt;/th&gt;&lt;th&gt;LEP energy&lt;/th&gt;&lt;th&gt;Nb of Z0s&lt;/th&gt;&lt;/tr&gt; &lt;tr&gt; &lt;td&gt;49748&lt;/td&gt;&lt;td&gt;13510&lt;/td&gt;&lt;td&gt;36.881&lt;/td&gt;&lt;td&gt;191.576&lt;/td&gt;&lt;td&gt;22&lt;/td&gt;&lt;/tr&gt; &lt;tr&gt; &lt;td&gt;49750&lt;/td&gt;&lt;td&gt;17859&lt;/td&gt;&lt;td&gt;46.321&lt;/td&gt;&lt;td&gt;191.567&lt;/td&gt;&lt;td&gt;19&lt;/td&gt;&lt;/tr&gt; &lt;tr&gt; &lt;td&gt;49753&lt;/td&gt;&lt;td&gt;12693&lt;/td&gt;&lt;td&gt;35.126&lt;/td&gt;&lt;td&gt;191.563&lt;/td&gt;&lt;td&gt;25&lt;/td&gt;&lt;/tr&gt; &lt;tr&gt; &lt;td&gt;49755&lt;/td&gt;&lt;td&gt;18530&lt;/td&gt;&lt;td&gt;50.954&lt;/td&gt;&lt;td&gt;191.570&lt;/td&gt;&lt;td&gt;37&lt;/td&gt;&lt;/tr&gt; &lt;tr&gt; &lt;td&gt;49756&lt;/td&gt;&lt;td&gt;18618&lt;/td&gt;&lt;td&gt;49.230&lt;/td&gt;&lt;td&gt;191.560&lt;/td&gt;&lt;td&gt;27&lt;/td&gt;&lt;/tr&gt; &lt;tr&gt; &lt;td&gt;49757&lt;/td&gt;&lt;td&gt;7473&lt;/td&gt;&lt;td&gt;18.793&lt;/td&gt;&lt;td&gt;191.556&lt;/td&gt;&lt;td&gt;10&lt;/td&gt;&lt;/tr&gt; &lt;tr&gt; &lt;td&gt;49759&lt;/td&gt;&lt;td&gt;18239&lt;/td&gt;&lt;td&gt;49.395&lt;/td&gt;&lt;td&gt;191.535&lt;/td&gt;&lt;td&gt;27&lt;/td&gt;&lt;/tr&gt; &lt;tr&gt; &lt;td&gt;49760&lt;/td&gt;&lt;td&gt;13181&lt;/td&gt;&lt;td&gt;34.730&lt;/td&gt;&lt;td&gt;191.536&lt;/td&gt;&lt;td&gt;21&lt;/td&gt;&lt;/tr&gt; &lt;tr&gt;&lt;/table&gt; Total file length :   305.594 Mbytes</subfield>
    </datafield>
  </record>