
  <record>
    <datafield atag="999" ind1=" " ind2=" ">
      <subfield code="9">Marcello Maggi</subfield>
      <subfield code="c">3445064411</subfield>
      <subfield code="s">306847080</subfield>
    </datafield>
    <datafield atag="980" ind1=" " ind2=" ">
      <subfield code="a">Real Data MINI Year 1999</subfield>
    </datafield>
    <datafield atag="856" ind1="4" ind2=" ">
      <subfield code="u">irods://data.repo.cineca.it:1247/CINECA01/home/EUDAT_STAFF/Aleph_Test/ZD4002.19.AL</subfield>
      <subfield code="y">EUDAT</subfield>
    </datafield>
    <datafield atag="856" ind1="4" ind2=" ">
      <subfield code="u">rfio:/castor/cern.ch/aleph/data/ZD4002.19.AL</subfield>
      <subfield code="y">CERN</subfield>
    </datafield>
    <datafield atag="710" ind1=" " ind2=" ">
      <subfield code="g">ALEPH Collaboration</subfield>
    </datafield>
    <datafield atag="245" ind1=" " ind2=" ">
      <subfield code="9">ALEPH</subfield>
      <subfield code="a">LEP2 Data from The ALEPH Collaboration</subfield>
    </datafield>
    <datafield atag="024" ind1="7" ind2=" ">
      <subfield code="2">Handle</subfield>
      <subfield code="a">11100/b6d09556-cbea-11e3-b427-e41f13eb41b2
</subfield>
    </datafield>
    <datafield atag="269" ind1=" " ind2=" ">
      <subfield code="c">1999</subfield>
    </datafield>
    <datafield atag="520" ind1=" " ind2=" ">
      <subfield code="9">ALEPH</subfield>
      <subfield code="h">Run contents for this data file &lt;table border=&quot;1&quot;&gt; &lt;tr&gt; &lt;th&gt;Run #&lt;/th&gt;&lt;th&gt;Nevents&lt;/th&gt;&lt;th&gt;Length (Mb)&lt;/th&gt;&lt;th&gt;LEP energy&lt;/th&gt;&lt;th&gt;Nb of Z0s&lt;/th&gt;&lt;/tr&gt; &lt;tr&gt; &lt;td&gt;49764&lt;/td&gt;&lt;td&gt;5879&lt;/td&gt;&lt;td&gt;14.873&lt;/td&gt;&lt;td&gt;191.556&lt;/td&gt;&lt;td&gt;7&lt;/td&gt;&lt;/tr&gt; &lt;tr&gt; &lt;td&gt;49766&lt;/td&gt;&lt;td&gt;18305&lt;/td&gt;&lt;td&gt;50.272&lt;/td&gt;&lt;td&gt;191.589&lt;/td&gt;&lt;td&gt;34&lt;/td&gt;&lt;/tr&gt; &lt;tr&gt; &lt;td&gt;49767&lt;/td&gt;&lt;td&gt;18579&lt;/td&gt;&lt;td&gt;51.285&lt;/td&gt;&lt;td&gt;191.563&lt;/td&gt;&lt;td&gt;39&lt;/td&gt;&lt;/tr&gt; &lt;tr&gt; &lt;td&gt;49768&lt;/td&gt;&lt;td&gt;2405&lt;/td&gt;&lt;td&gt;6.210&lt;/td&gt;&lt;td&gt;191.502&lt;/td&gt;&lt;td&gt;6&lt;/td&gt;&lt;/tr&gt; &lt;tr&gt; &lt;td&gt;49770&lt;/td&gt;&lt;td&gt;18526&lt;/td&gt;&lt;td&gt;51.470&lt;/td&gt;&lt;td&gt;191.563&lt;/td&gt;&lt;td&gt;41&lt;/td&gt;&lt;/tr&gt; &lt;tr&gt; &lt;td&gt;49771&lt;/td&gt;&lt;td&gt;18710&lt;/td&gt;&lt;td&gt;51.893&lt;/td&gt;&lt;td&gt;191.562&lt;/td&gt;&lt;td&gt;25&lt;/td&gt;&lt;/tr&gt; &lt;tr&gt; &lt;td&gt;49772&lt;/td&gt;&lt;td&gt;3584&lt;/td&gt;&lt;td&gt;9.775&lt;/td&gt;&lt;td&gt;191.557&lt;/td&gt;&lt;td&gt;6&lt;/td&gt;&lt;/tr&gt; &lt;tr&gt; &lt;td&gt;49789&lt;/td&gt;&lt;td&gt;17148&lt;/td&gt;&lt;td&gt;47.659&lt;/td&gt;&lt;td&gt;195.590&lt;/td&gt;&lt;td&gt;35&lt;/td&gt;&lt;/tr&gt; &lt;tr&gt; &lt;td&gt;49790&lt;/td&gt;&lt;td&gt;12059&lt;/td&gt;&lt;td&gt;29.242&lt;/td&gt;&lt;td&gt;195.588&lt;/td&gt;&lt;td&gt;24&lt;/td&gt;&lt;/tr&gt; &lt;tr&gt;&lt;/table&gt; Total file length :   305.594 Mbytes</subfield>
    </datafield>
  </record>