
  <record>
    <datafield atag="999" ind1=" " ind2=" ">
      <subfield code="9">Marcello Maggi</subfield>
      <subfield code="c">3445064411</subfield>
      <subfield code="s">306847080</subfield>
    </datafield>
    <datafield atag="980" ind1=" " ind2=" ">
      <subfield code="a">Real Data MINI Year 1999</subfield>
    </datafield>
    <datafield atag="856" ind1="4" ind2=" ">
      <subfield code="u">irods://data.repo.cineca.it:1247/CINECA01/home/EUDAT_STAFF/Aleph_Test/ZD4002.20.AL</subfield>
      <subfield code="y">EUDAT</subfield>
    </datafield>
    <datafield atag="856" ind1="4" ind2=" ">
      <subfield code="u">rfio:/castor/cern.ch/aleph/data/ZD4002.20.AL</subfield>
      <subfield code="y">CERN</subfield>
    </datafield>
    <datafield atag="710" ind1=" " ind2=" ">
      <subfield code="g">ALEPH Collaboration</subfield>
    </datafield>
    <datafield atag="245" ind1=" " ind2=" ">
      <subfield code="9">ALEPH</subfield>
      <subfield code="a">LEP2 Data from The ALEPH Collaboration</subfield>
    </datafield>
    <datafield atag="024" ind1="7" ind2=" ">
      <subfield code="2">Handle</subfield>
      <subfield code="a">11100/c2839524-cbea-11e3-8d07-e41f13eb41b2
</subfield>
    </datafield>
    <datafield atag="269" ind1=" " ind2=" ">
      <subfield code="c">1999</subfield>
    </datafield>
    <datafield atag="520" ind1=" " ind2=" ">
      <subfield code="9">ALEPH</subfield>
      <subfield code="h">Run contents for this data file &lt;table border=&quot;1&quot;&gt; &lt;tr&gt; &lt;th&gt;Run #&lt;/th&gt;&lt;th&gt;Nevents&lt;/th&gt;&lt;th&gt;Length (Mb)&lt;/th&gt;&lt;th&gt;LEP energy&lt;/th&gt;&lt;th&gt;Nb of Z0s&lt;/th&gt;&lt;/tr&gt; &lt;tr&gt; &lt;td&gt;49791&lt;/td&gt;&lt;td&gt;5143&lt;/td&gt;&lt;td&gt;11.094&lt;/td&gt;&lt;td&gt;195.591&lt;/td&gt;&lt;td&gt;7&lt;/td&gt;&lt;/tr&gt; &lt;tr&gt; &lt;td&gt;49794&lt;/td&gt;&lt;td&gt;371&lt;/td&gt;&lt;td&gt;0.891&lt;/td&gt;&lt;td&gt;195.675&lt;/td&gt;&lt;td&gt;-1&lt;/td&gt;&lt;/tr&gt; &lt;tr&gt; &lt;td&gt;49797&lt;/td&gt;&lt;td&gt;17408&lt;/td&gt;&lt;td&gt;45.011&lt;/td&gt;&lt;td&gt;195.578&lt;/td&gt;&lt;td&gt;23&lt;/td&gt;&lt;/tr&gt; &lt;tr&gt; &lt;td&gt;49798&lt;/td&gt;&lt;td&gt;10032&lt;/td&gt;&lt;td&gt;25.882&lt;/td&gt;&lt;td&gt;195.569&lt;/td&gt;&lt;td&gt;19&lt;/td&gt;&lt;/tr&gt; &lt;tr&gt; &lt;td&gt;49800&lt;/td&gt;&lt;td&gt;959&lt;/td&gt;&lt;td&gt;2.406&lt;/td&gt;&lt;td&gt;195.593&lt;/td&gt;&lt;td&gt;6&lt;/td&gt;&lt;/tr&gt; &lt;tr&gt; &lt;td&gt;49801&lt;/td&gt;&lt;td&gt;18058&lt;/td&gt;&lt;td&gt;51.502&lt;/td&gt;&lt;td&gt;195.594&lt;/td&gt;&lt;td&gt;36&lt;/td&gt;&lt;/tr&gt; &lt;tr&gt; &lt;td&gt;49802&lt;/td&gt;&lt;td&gt;15625&lt;/td&gt;&lt;td&gt;42.535&lt;/td&gt;&lt;td&gt;195.586&lt;/td&gt;&lt;td&gt;30&lt;/td&gt;&lt;/tr&gt; &lt;tr&gt; &lt;td&gt;49803&lt;/td&gt;&lt;td&gt;3012&lt;/td&gt;&lt;td&gt;7.536&lt;/td&gt;&lt;td&gt;195.540&lt;/td&gt;&lt;td&gt;7&lt;/td&gt;&lt;/tr&gt; &lt;tr&gt; &lt;td&gt;49808&lt;/td&gt;&lt;td&gt;3978&lt;/td&gt;&lt;td&gt;9.609&lt;/td&gt;&lt;td&gt;195.626&lt;/td&gt;&lt;td&gt;10&lt;/td&gt;&lt;/tr&gt; &lt;tr&gt; &lt;td&gt;49813&lt;/td&gt;&lt;td&gt;18411&lt;/td&gt;&lt;td&gt;49.816&lt;/td&gt;&lt;td&gt;195.574&lt;/td&gt;&lt;td&gt;32&lt;/td&gt;&lt;/tr&gt; &lt;tr&gt; &lt;td&gt;49814&lt;/td&gt;&lt;td&gt;13442&lt;/td&gt;&lt;td&gt;35.775&lt;/td&gt;&lt;td&gt;195.535&lt;/td&gt;&lt;td&gt;20&lt;/td&gt;&lt;/tr&gt; &lt;tr&gt; &lt;td&gt;49816&lt;/td&gt;&lt;td&gt;17195&lt;/td&gt;&lt;td&gt;47.118&lt;/td&gt;&lt;td&gt;195.644&lt;/td&gt;&lt;td&gt;29&lt;/td&gt;&lt;/tr&gt; &lt;tr&gt;&lt;/table&gt; Total file length :   305.594 Mbytes</subfield>
    </datafield>
  </record>