
  <record>
    <datafield atag="999" ind1=" " ind2=" ">
      <subfield code="9">Marcello Maggi</subfield>
      <subfield code="c">3445064411</subfield>
      <subfield code="s">306847080</subfield>
    </datafield>
    <datafield atag="980" ind1=" " ind2=" ">
      <subfield code="a">Real Data MINI Year 1999</subfield>
    </datafield>
    <datafield atag="856" ind1="4" ind2=" ">
      <subfield code="u">irods://data.repo.cineca.it:1247/CINECA01/home/EUDAT_STAFF/Aleph_Test/ZD4002.22.AL</subfield>
      <subfield code="y">EUDAT</subfield>
    </datafield>
    <datafield atag="856" ind1="4" ind2=" ">
      <subfield code="u">rfio:/castor/cern.ch/aleph/data/ZD4002.22.AL</subfield>
      <subfield code="y">CERN</subfield>
    </datafield>
    <datafield atag="710" ind1=" " ind2=" ">
      <subfield code="g">ALEPH Collaboration</subfield>
    </datafield>
    <datafield atag="245" ind1=" " ind2=" ">
      <subfield code="9">ALEPH</subfield>
      <subfield code="a">LEP2 Data from The ALEPH Collaboration</subfield>
    </datafield>
    <datafield atag="024" ind1="7" ind2=" ">
      <subfield code="2">Handle</subfield>
      <subfield code="a">11100/d655932c-cbea-11e3-9ec4-e41f13eb41b2
</subfield>
    </datafield>
    <datafield atag="269" ind1=" " ind2=" ">
      <subfield code="c">1999</subfield>
    </datafield>
    <datafield atag="520" ind1=" " ind2=" ">
      <subfield code="9">ALEPH</subfield>
      <subfield code="h">Run contents for this data file &lt;table border=&quot;1&quot;&gt; &lt;tr&gt; &lt;th&gt;Run #&lt;/th&gt;&lt;th&gt;Nevents&lt;/th&gt;&lt;th&gt;Length (Mb)&lt;/th&gt;&lt;th&gt;LEP energy&lt;/th&gt;&lt;th&gt;Nb of Z0s&lt;/th&gt;&lt;/tr&gt; &lt;tr&gt; &lt;td&gt;49832&lt;/td&gt;&lt;td&gt;7286&lt;/td&gt;&lt;td&gt;19.304&lt;/td&gt;&lt;td&gt;195.501&lt;/td&gt;&lt;td&gt;5&lt;/td&gt;&lt;/tr&gt; &lt;tr&gt; &lt;td&gt;49835&lt;/td&gt;&lt;td&gt;315&lt;/td&gt;&lt;td&gt;0.968&lt;/td&gt;&lt;td&gt;195.599&lt;/td&gt;&lt;td&gt;1&lt;/td&gt;&lt;/tr&gt; &lt;tr&gt; &lt;td&gt;49837&lt;/td&gt;&lt;td&gt;18761&lt;/td&gt;&lt;td&gt;52.132&lt;/td&gt;&lt;td&gt;195.645&lt;/td&gt;&lt;td&gt;37&lt;/td&gt;&lt;/tr&gt; &lt;tr&gt; &lt;td&gt;49838&lt;/td&gt;&lt;td&gt;16784&lt;/td&gt;&lt;td&gt;44.788&lt;/td&gt;&lt;td&gt;195.688&lt;/td&gt;&lt;td&gt;30&lt;/td&gt;&lt;/tr&gt; &lt;tr&gt; &lt;td&gt;49841&lt;/td&gt;&lt;td&gt;17598&lt;/td&gt;&lt;td&gt;61.678&lt;/td&gt;&lt;td&gt;195.609&lt;/td&gt;&lt;td&gt;31&lt;/td&gt;&lt;/tr&gt; &lt;tr&gt; &lt;td&gt;49845&lt;/td&gt;&lt;td&gt;18185&lt;/td&gt;&lt;td&gt;65.781&lt;/td&gt;&lt;td&gt;195.638&lt;/td&gt;&lt;td&gt;36&lt;/td&gt;&lt;/tr&gt; &lt;tr&gt; &lt;td&gt;49846&lt;/td&gt;&lt;td&gt;17301&lt;/td&gt;&lt;td&gt;60.987&lt;/td&gt;&lt;td&gt;195.628&lt;/td&gt;&lt;td&gt;25&lt;/td&gt;&lt;/tr&gt; &lt;tr&gt;&lt;/table&gt; Total file length :   305.594 Mbytes</subfield>
    </datafield>
  </record>