
  <record>
    <datafield atag="999" ind1=" " ind2=" ">
      <subfield code="9">Marcello Maggi</subfield>
      <subfield code="c">3445064411</subfield>
      <subfield code="s">306847080</subfield>
    </datafield>
    <datafield atag="980" ind1=" " ind2=" ">
      <subfield code="a">Real Data MINI Year 1999</subfield>
    </datafield>
    <datafield atag="856" ind1="4" ind2=" ">
      <subfield code="u">irods://data.repo.cineca.it:1247/CINECA01/home/EUDAT_STAFF/Aleph_Test/ZD4002.23.AL</subfield>
      <subfield code="y">EUDAT</subfield>
    </datafield>
    <datafield atag="856" ind1="4" ind2=" ">
      <subfield code="u">rfio:/castor/cern.ch/aleph/data/ZD4002.23.AL</subfield>
      <subfield code="y">CERN</subfield>
    </datafield>
    <datafield atag="710" ind1=" " ind2=" ">
      <subfield code="g">ALEPH Collaboration</subfield>
    </datafield>
    <datafield atag="245" ind1=" " ind2=" ">
      <subfield code="9">ALEPH</subfield>
      <subfield code="a">LEP2 Data from The ALEPH Collaboration</subfield>
    </datafield>
    <datafield atag="024" ind1="7" ind2=" ">
      <subfield code="2">Handle</subfield>
      <subfield code="a">11100/df9f0cf6-cbea-11e3-bee8-e41f13eb41b2
</subfield>
    </datafield>
    <datafield atag="269" ind1=" " ind2=" ">
      <subfield code="c">1999</subfield>
    </datafield>
    <datafield atag="520" ind1=" " ind2=" ">
      <subfield code="9">ALEPH</subfield>
      <subfield code="h">Run contents for this data file &lt;table border=&quot;1&quot;&gt; &lt;tr&gt; &lt;th&gt;Run #&lt;/th&gt;&lt;th&gt;Nevents&lt;/th&gt;&lt;th&gt;Length (Mb)&lt;/th&gt;&lt;th&gt;LEP energy&lt;/th&gt;&lt;th&gt;Nb of Z0s&lt;/th&gt;&lt;/tr&gt; &lt;tr&gt; &lt;td&gt;49847&lt;/td&gt;&lt;td&gt;1751&lt;/td&gt;&lt;td&gt;6.265&lt;/td&gt;&lt;td&gt;195.633&lt;/td&gt;&lt;td&gt;5&lt;/td&gt;&lt;/tr&gt; &lt;tr&gt; &lt;td&gt;49852&lt;/td&gt;&lt;td&gt;8135&lt;/td&gt;&lt;td&gt;21.211&lt;/td&gt;&lt;td&gt;191.534&lt;/td&gt;&lt;td&gt;12&lt;/td&gt;&lt;/tr&gt; &lt;tr&gt; &lt;td&gt;49855&lt;/td&gt;&lt;td&gt;2182&lt;/td&gt;&lt;td&gt;5.567&lt;/td&gt;&lt;td&gt;191.608&lt;/td&gt;&lt;td&gt;2&lt;/td&gt;&lt;/tr&gt; &lt;tr&gt; &lt;td&gt;49880&lt;/td&gt;&lt;td&gt;19462&lt;/td&gt;&lt;td&gt;45.512&lt;/td&gt;&lt;td&gt;195.644&lt;/td&gt;&lt;td&gt;16&lt;/td&gt;&lt;/tr&gt; &lt;tr&gt; &lt;td&gt;49881&lt;/td&gt;&lt;td&gt;18469&lt;/td&gt;&lt;td&gt;43.762&lt;/td&gt;&lt;td&gt;195.613&lt;/td&gt;&lt;td&gt;26&lt;/td&gt;&lt;/tr&gt; &lt;tr&gt; &lt;td&gt;49882&lt;/td&gt;&lt;td&gt;11633&lt;/td&gt;&lt;td&gt;27.190&lt;/td&gt;&lt;td&gt;195.594&lt;/td&gt;&lt;td&gt;9&lt;/td&gt;&lt;/tr&gt; &lt;tr&gt; &lt;td&gt;49884&lt;/td&gt;&lt;td&gt;18573&lt;/td&gt;&lt;td&gt;48.871&lt;/td&gt;&lt;td&gt;195.577&lt;/td&gt;&lt;td&gt;29&lt;/td&gt;&lt;/tr&gt; &lt;tr&gt; &lt;td&gt;49885&lt;/td&gt;&lt;td&gt;17851&lt;/td&gt;&lt;td&gt;46.216&lt;/td&gt;&lt;td&gt;195.519&lt;/td&gt;&lt;td&gt;29&lt;/td&gt;&lt;/tr&gt; &lt;tr&gt; &lt;td&gt;49887&lt;/td&gt;&lt;td&gt;631&lt;/td&gt;&lt;td&gt;1.183&lt;/td&gt;&lt;td&gt;195.606&lt;/td&gt;&lt;td&gt;1&lt;/td&gt;&lt;/tr&gt; &lt;tr&gt; &lt;td&gt;49889&lt;/td&gt;&lt;td&gt;18677&lt;/td&gt;&lt;td&gt;48.339&lt;/td&gt;&lt;td&gt;195.606&lt;/td&gt;&lt;td&gt;32&lt;/td&gt;&lt;/tr&gt; &lt;tr&gt; &lt;td&gt;49890&lt;/td&gt;&lt;td&gt;18450&lt;/td&gt;&lt;td&gt;45.951&lt;/td&gt;&lt;td&gt;195.601&lt;/td&gt;&lt;td&gt;19&lt;/td&gt;&lt;/tr&gt; &lt;tr&gt;&lt;/table&gt; Total file length :   305.594 Mbytes</subfield>
    </datafield>
  </record>