
  <record>
    <datafield atag="999" ind1=" " ind2=" ">
      <subfield code="9">Marcello Maggi</subfield>
      <subfield code="c">3445064411</subfield>
      <subfield code="s">306847080</subfield>
    </datafield>
    <datafield atag="980" ind1=" " ind2=" ">
      <subfield code="a">Real Data MINI Year 1999</subfield>
    </datafield>
    <datafield atag="856" ind1="4" ind2=" ">
      <subfield code="u">irods://data.repo.cineca.it:1247/CINECA01/home/EUDAT_STAFF/Aleph_Test/ZD4002.24.AL</subfield>
      <subfield code="y">EUDAT</subfield>
    </datafield>
    <datafield atag="856" ind1="4" ind2=" ">
      <subfield code="u">rfio:/castor/cern.ch/aleph/data/ZD4002.24.AL</subfield>
      <subfield code="y">CERN</subfield>
    </datafield>
    <datafield atag="710" ind1=" " ind2=" ">
      <subfield code="g">ALEPH Collaboration</subfield>
    </datafield>
    <datafield atag="245" ind1=" " ind2=" ">
      <subfield code="9">ALEPH</subfield>
      <subfield code="a">LEP2 Data from The ALEPH Collaboration</subfield>
    </datafield>
    <datafield atag="024" ind1="7" ind2=" ">
      <subfield code="2">Handle</subfield>
      <subfield code="a">11100/e7c802fc-cbea-11e3-a430-e41f13eb41b2
</subfield>
    </datafield>
    <datafield atag="269" ind1=" " ind2=" ">
      <subfield code="c">1999</subfield>
    </datafield>
    <datafield atag="520" ind1=" " ind2=" ">
      <subfield code="9">ALEPH</subfield>
      <subfield code="h">Run contents for this data file &lt;table border=&quot;1&quot;&gt; &lt;tr&gt; &lt;th&gt;Run #&lt;/th&gt;&lt;th&gt;Nevents&lt;/th&gt;&lt;th&gt;Length (Mb)&lt;/th&gt;&lt;th&gt;LEP energy&lt;/th&gt;&lt;th&gt;Nb of Z0s&lt;/th&gt;&lt;/tr&gt; &lt;tr&gt; &lt;td&gt;49891&lt;/td&gt;&lt;td&gt;7410&lt;/td&gt;&lt;td&gt;16.991&lt;/td&gt;&lt;td&gt;195.602&lt;/td&gt;&lt;td&gt;12&lt;/td&gt;&lt;/tr&gt; &lt;tr&gt; &lt;td&gt;49904&lt;/td&gt;&lt;td&gt;17874&lt;/td&gt;&lt;td&gt;44.645&lt;/td&gt;&lt;td&gt;195.582&lt;/td&gt;&lt;td&gt;30&lt;/td&gt;&lt;/tr&gt; &lt;tr&gt; &lt;td&gt;49905&lt;/td&gt;&lt;td&gt;5944&lt;/td&gt;&lt;td&gt;13.848&lt;/td&gt;&lt;td&gt;195.571&lt;/td&gt;&lt;td&gt;6&lt;/td&gt;&lt;/tr&gt; &lt;tr&gt; &lt;td&gt;49907&lt;/td&gt;&lt;td&gt;19044&lt;/td&gt;&lt;td&gt;53.294&lt;/td&gt;&lt;td&gt;195.562&lt;/td&gt;&lt;td&gt;30&lt;/td&gt;&lt;/tr&gt; &lt;tr&gt; &lt;td&gt;49908&lt;/td&gt;&lt;td&gt;1442&lt;/td&gt;&lt;td&gt;3.815&lt;/td&gt;&lt;td&gt;195.564&lt;/td&gt;&lt;td&gt;1&lt;/td&gt;&lt;/tr&gt; &lt;tr&gt; &lt;td&gt;49910&lt;/td&gt;&lt;td&gt;18680&lt;/td&gt;&lt;td&gt;52.371&lt;/td&gt;&lt;td&gt;195.575&lt;/td&gt;&lt;td&gt;31&lt;/td&gt;&lt;/tr&gt; &lt;tr&gt; &lt;td&gt;49911&lt;/td&gt;&lt;td&gt;18034&lt;/td&gt;&lt;td&gt;50.299&lt;/td&gt;&lt;td&gt;195.574&lt;/td&gt;&lt;td&gt;42&lt;/td&gt;&lt;/tr&gt; &lt;tr&gt; &lt;td&gt;49912&lt;/td&gt;&lt;td&gt;5809&lt;/td&gt;&lt;td&gt;15.006&lt;/td&gt;&lt;td&gt;195.515&lt;/td&gt;&lt;td&gt;8&lt;/td&gt;&lt;/tr&gt; &lt;tr&gt; &lt;td&gt;49915&lt;/td&gt;&lt;td&gt;18935&lt;/td&gt;&lt;td&gt;51.553&lt;/td&gt;&lt;td&gt;195.670&lt;/td&gt;&lt;td&gt;24&lt;/td&gt;&lt;/tr&gt; &lt;tr&gt; &lt;td&gt;49916&lt;/td&gt;&lt;td&gt;13133&lt;/td&gt;&lt;td&gt;36.113&lt;/td&gt;&lt;td&gt;195.659&lt;/td&gt;&lt;td&gt;17&lt;/td&gt;&lt;/tr&gt; &lt;tr&gt;&lt;/table&gt; Total file length :   305.594 Mbytes</subfield>
    </datafield>
  </record>