
  <record>
    <datafield atag="999" ind1=" " ind2=" ">
      <subfield code="9">Marcello Maggi</subfield>
      <subfield code="c">3445064411</subfield>
      <subfield code="s">306847080</subfield>
    </datafield>
    <datafield atag="980" ind1=" " ind2=" ">
      <subfield code="a">Real Data MINI Year 1999</subfield>
    </datafield>
    <datafield atag="856" ind1="4" ind2=" ">
      <subfield code="u">irods://data.repo.cineca.it:1247/CINECA01/home/EUDAT_STAFF/Aleph_Test/ZD4002.26.AL</subfield>
      <subfield code="y">EUDAT</subfield>
    </datafield>
    <datafield atag="856" ind1="4" ind2=" ">
      <subfield code="u">rfio:/castor/cern.ch/aleph/data/ZD4002.26.AL</subfield>
      <subfield code="y">CERN</subfield>
    </datafield>
    <datafield atag="710" ind1=" " ind2=" ">
      <subfield code="g">ALEPH Collaboration</subfield>
    </datafield>
    <datafield atag="245" ind1=" " ind2=" ">
      <subfield code="9">ALEPH</subfield>
      <subfield code="a">LEP2 Data from The ALEPH Collaboration</subfield>
    </datafield>
    <datafield atag="024" ind1="7" ind2=" ">
      <subfield code="2">Handle</subfield>
      <subfield code="a">11100/f98bdf2c-cbea-11e3-9d9f-e41f13eb41b2
</subfield>
    </datafield>
    <datafield atag="269" ind1=" " ind2=" ">
      <subfield code="c">1999</subfield>
    </datafield>
    <datafield atag="520" ind1=" " ind2=" ">
      <subfield code="9">ALEPH</subfield>
      <subfield code="h">Run contents for this data file &lt;table border=&quot;1&quot;&gt; &lt;tr&gt; &lt;th&gt;Run #&lt;/th&gt;&lt;th&gt;Nevents&lt;/th&gt;&lt;th&gt;Length (Mb)&lt;/th&gt;&lt;th&gt;LEP energy&lt;/th&gt;&lt;th&gt;Nb of Z0s&lt;/th&gt;&lt;/tr&gt; &lt;tr&gt; &lt;td&gt;49931&lt;/td&gt;&lt;td&gt;18616&lt;/td&gt;&lt;td&gt;55.659&lt;/td&gt;&lt;td&gt;195.543&lt;/td&gt;&lt;td&gt;48&lt;/td&gt;&lt;/tr&gt; &lt;tr&gt; &lt;td&gt;49932&lt;/td&gt;&lt;td&gt;19468&lt;/td&gt;&lt;td&gt;55.891&lt;/td&gt;&lt;td&gt;195.544&lt;/td&gt;&lt;td&gt;30&lt;/td&gt;&lt;/tr&gt; &lt;tr&gt; &lt;td&gt;49933&lt;/td&gt;&lt;td&gt;7422&lt;/td&gt;&lt;td&gt;21.034&lt;/td&gt;&lt;td&gt;195.523&lt;/td&gt;&lt;td&gt;11&lt;/td&gt;&lt;/tr&gt; &lt;tr&gt; &lt;td&gt;49935&lt;/td&gt;&lt;td&gt;19307&lt;/td&gt;&lt;td&gt;57.105&lt;/td&gt;&lt;td&gt;195.543&lt;/td&gt;&lt;td&gt;28&lt;/td&gt;&lt;/tr&gt; &lt;tr&gt; &lt;td&gt;49936&lt;/td&gt;&lt;td&gt;10363&lt;/td&gt;&lt;td&gt;29.302&lt;/td&gt;&lt;td&gt;195.543&lt;/td&gt;&lt;td&gt;19&lt;/td&gt;&lt;/tr&gt; &lt;tr&gt; &lt;td&gt;49938&lt;/td&gt;&lt;td&gt;1806&lt;/td&gt;&lt;td&gt;4.546&lt;/td&gt;&lt;td&gt;195.705&lt;/td&gt;&lt;td&gt;-1&lt;/td&gt;&lt;/tr&gt; &lt;tr&gt; &lt;td&gt;49941&lt;/td&gt;&lt;td&gt;18780&lt;/td&gt;&lt;td&gt;56.644&lt;/td&gt;&lt;td&gt;195.546&lt;/td&gt;&lt;td&gt;34&lt;/td&gt;&lt;/tr&gt; &lt;tr&gt; &lt;td&gt;49942&lt;/td&gt;&lt;td&gt;19909&lt;/td&gt;&lt;td&gt;57.398&lt;/td&gt;&lt;td&gt;195.501&lt;/td&gt;&lt;td&gt;41&lt;/td&gt;&lt;/tr&gt; &lt;tr&gt;&lt;/table&gt; Total file length :   305.594 Mbytes</subfield>
    </datafield>
  </record>