
  <record>
    <datafield atag="999" ind1=" " ind2=" ">
      <subfield code="9">Marcello Maggi</subfield>
      <subfield code="c">3445064411</subfield>
      <subfield code="s">306847080</subfield>
    </datafield>
    <datafield atag="980" ind1=" " ind2=" ">
      <subfield code="a">Real Data MINI Year 1999</subfield>
    </datafield>
    <datafield atag="856" ind1="4" ind2=" ">
      <subfield code="u">irods://data.repo.cineca.it:1247/CINECA01/home/EUDAT_STAFF/Aleph_Test/ZD4002.3.AL</subfield>
      <subfield code="y">EUDAT</subfield>
    </datafield>
    <datafield atag="856" ind1="4" ind2=" ">
      <subfield code="u">rfio:/castor/cern.ch/aleph/data/ZD4002.3.AL</subfield>
      <subfield code="y">CERN</subfield>
    </datafield>
    <datafield atag="710" ind1=" " ind2=" ">
      <subfield code="g">ALEPH Collaboration</subfield>
    </datafield>
    <datafield atag="245" ind1=" " ind2=" ">
      <subfield code="9">ALEPH</subfield>
      <subfield code="a">LEP2 Data from The ALEPH Collaboration</subfield>
    </datafield>
    <datafield atag="024" ind1="7" ind2=" ">
      <subfield code="2">Handle</subfield>
      <subfield code="a">11100/215c7570-cbeb-11e3-a180-e41f13eb41b2
</subfield>
    </datafield>
    <datafield atag="269" ind1=" " ind2=" ">
      <subfield code="c">1999</subfield>
    </datafield>
    <datafield atag="520" ind1=" " ind2=" ">
      <subfield code="9">ALEPH</subfield>
      <subfield code="h">Run contents for this data file &lt;table border=&quot;1&quot;&gt; &lt;tr&gt; &lt;th&gt;Run #&lt;/th&gt;&lt;th&gt;Nevents&lt;/th&gt;&lt;th&gt;Length (Mb)&lt;/th&gt;&lt;th&gt;LEP energy&lt;/th&gt;&lt;th&gt;Nb of Z0s&lt;/th&gt;&lt;/tr&gt; &lt;tr&gt; &lt;td&gt;49434&lt;/td&gt;&lt;td&gt;12391&lt;/td&gt;&lt;td&gt;31.560&lt;/td&gt;&lt;td&gt;191.653&lt;/td&gt;&lt;td&gt;20&lt;/td&gt;&lt;/tr&gt; &lt;tr&gt; &lt;td&gt;49435&lt;/td&gt;&lt;td&gt;12452&lt;/td&gt;&lt;td&gt;31.002&lt;/td&gt;&lt;td&gt;191.653&lt;/td&gt;&lt;td&gt;14&lt;/td&gt;&lt;/tr&gt; &lt;tr&gt; &lt;td&gt;49436&lt;/td&gt;&lt;td&gt;11783&lt;/td&gt;&lt;td&gt;28.765&lt;/td&gt;&lt;td&gt;191.650&lt;/td&gt;&lt;td&gt;17&lt;/td&gt;&lt;/tr&gt; &lt;tr&gt; &lt;td&gt;49437&lt;/td&gt;&lt;td&gt;9133&lt;/td&gt;&lt;td&gt;22.506&lt;/td&gt;&lt;td&gt;191.650&lt;/td&gt;&lt;td&gt;17&lt;/td&gt;&lt;/tr&gt; &lt;tr&gt; &lt;td&gt;49439&lt;/td&gt;&lt;td&gt;12770&lt;/td&gt;&lt;td&gt;34.914&lt;/td&gt;&lt;td&gt;191.670&lt;/td&gt;&lt;td&gt;19&lt;/td&gt;&lt;/tr&gt; &lt;tr&gt; &lt;td&gt;49440&lt;/td&gt;&lt;td&gt;13460&lt;/td&gt;&lt;td&gt;35.766&lt;/td&gt;&lt;td&gt;191.673&lt;/td&gt;&lt;td&gt;14&lt;/td&gt;&lt;/tr&gt; &lt;tr&gt; &lt;td&gt;49441&lt;/td&gt;&lt;td&gt;13659&lt;/td&gt;&lt;td&gt;34.554&lt;/td&gt;&lt;td&gt;191.676&lt;/td&gt;&lt;td&gt;17&lt;/td&gt;&lt;/tr&gt; &lt;tr&gt; &lt;td&gt;49442&lt;/td&gt;&lt;td&gt;7485&lt;/td&gt;&lt;td&gt;18.068&lt;/td&gt;&lt;td&gt;191.672&lt;/td&gt;&lt;td&gt;9&lt;/td&gt;&lt;/tr&gt; &lt;tr&gt; &lt;td&gt;49446&lt;/td&gt;&lt;td&gt;11779&lt;/td&gt;&lt;td&gt;29.004&lt;/td&gt;&lt;td&gt;191.586&lt;/td&gt;&lt;td&gt;9&lt;/td&gt;&lt;/tr&gt; &lt;tr&gt; &lt;td&gt;49447&lt;/td&gt;&lt;td&gt;11590&lt;/td&gt;&lt;td&gt;29.431&lt;/td&gt;&lt;td&gt;191.538&lt;/td&gt;&lt;td&gt;11&lt;/td&gt;&lt;/tr&gt; &lt;tr&gt; &lt;td&gt;49448&lt;/td&gt;&lt;td&gt;11671&lt;/td&gt;&lt;td&gt;29.613&lt;/td&gt;&lt;td&gt;191.547&lt;/td&gt;&lt;td&gt;7&lt;/td&gt;&lt;/tr&gt; &lt;tr&gt;&lt;/table&gt; Total file length :   305.594 Mbytes</subfield>
    </datafield>
  </record>