
  <record>
    <datafield atag="999" ind1=" " ind2=" ">
      <subfield code="9">Marcello Maggi</subfield>
      <subfield code="c">3445064411</subfield>
      <subfield code="s">306847080</subfield>
    </datafield>
    <datafield atag="980" ind1=" " ind2=" ">
      <subfield code="a">Real Data MINI Year 1999</subfield>
    </datafield>
    <datafield atag="856" ind1="4" ind2=" ">
      <subfield code="u">irods://data.repo.cineca.it:1247/CINECA01/home/EUDAT_STAFF/Aleph_Test/ZD4002.31.AL</subfield>
      <subfield code="y">EUDAT</subfield>
    </datafield>
    <datafield atag="856" ind1="4" ind2=" ">
      <subfield code="u">rfio:/castor/cern.ch/aleph/data/ZD4002.31.AL</subfield>
      <subfield code="y">CERN</subfield>
    </datafield>
    <datafield atag="710" ind1=" " ind2=" ">
      <subfield code="g">ALEPH Collaboration</subfield>
    </datafield>
    <datafield atag="245" ind1=" " ind2=" ">
      <subfield code="9">ALEPH</subfield>
      <subfield code="a">LEP2 Data from The ALEPH Collaboration</subfield>
    </datafield>
    <datafield atag="024" ind1="7" ind2=" ">
      <subfield code="2">Handle</subfield>
      <subfield code="a">11100/31120296-cbeb-11e3-8b54-e41f13eb41b2
</subfield>
    </datafield>
    <datafield atag="269" ind1=" " ind2=" ">
      <subfield code="c">1999</subfield>
    </datafield>
    <datafield atag="520" ind1=" " ind2=" ">
      <subfield code="9">ALEPH</subfield>
      <subfield code="h">Run contents for this data file &lt;table border=&quot;1&quot;&gt; &lt;tr&gt; &lt;th&gt;Run #&lt;/th&gt;&lt;th&gt;Nevents&lt;/th&gt;&lt;th&gt;Length (Mb)&lt;/th&gt;&lt;th&gt;LEP energy&lt;/th&gt;&lt;th&gt;Nb of Z0s&lt;/th&gt;&lt;/tr&gt; &lt;tr&gt; &lt;td&gt;50036&lt;/td&gt;&lt;td&gt;17799&lt;/td&gt;&lt;td&gt;43.822&lt;/td&gt;&lt;td&gt;195.603&lt;/td&gt;&lt;td&gt;23&lt;/td&gt;&lt;/tr&gt; &lt;tr&gt; &lt;td&gt;50039&lt;/td&gt;&lt;td&gt;18074&lt;/td&gt;&lt;td&gt;44.939&lt;/td&gt;&lt;td&gt;195.542&lt;/td&gt;&lt;td&gt;26&lt;/td&gt;&lt;/tr&gt; &lt;tr&gt; &lt;td&gt;50040&lt;/td&gt;&lt;td&gt;5457&lt;/td&gt;&lt;td&gt;12.158&lt;/td&gt;&lt;td&gt;195.559&lt;/td&gt;&lt;td&gt;7&lt;/td&gt;&lt;/tr&gt; &lt;tr&gt; &lt;td&gt;50048&lt;/td&gt;&lt;td&gt;18855&lt;/td&gt;&lt;td&gt;55.455&lt;/td&gt;&lt;td&gt;195.617&lt;/td&gt;&lt;td&gt;43&lt;/td&gt;&lt;/tr&gt; &lt;tr&gt; &lt;td&gt;50049&lt;/td&gt;&lt;td&gt;19126&lt;/td&gt;&lt;td&gt;54.651&lt;/td&gt;&lt;td&gt;195.560&lt;/td&gt;&lt;td&gt;23&lt;/td&gt;&lt;/tr&gt; &lt;tr&gt; &lt;td&gt;50050&lt;/td&gt;&lt;td&gt;4015&lt;/td&gt;&lt;td&gt;11.604&lt;/td&gt;&lt;td&gt;195.561&lt;/td&gt;&lt;td&gt;10&lt;/td&gt;&lt;/tr&gt; &lt;tr&gt; &lt;td&gt;50052&lt;/td&gt;&lt;td&gt;18539&lt;/td&gt;&lt;td&gt;51.954&lt;/td&gt;&lt;td&gt;195.573&lt;/td&gt;&lt;td&gt;16&lt;/td&gt;&lt;/tr&gt; &lt;tr&gt; &lt;td&gt;50053&lt;/td&gt;&lt;td&gt;8845&lt;/td&gt;&lt;td&gt;22.852&lt;/td&gt;&lt;td&gt;195.758&lt;/td&gt;&lt;td&gt;9&lt;/td&gt;&lt;/tr&gt; &lt;tr&gt; &lt;td&gt;50056&lt;/td&gt;&lt;td&gt;18858&lt;/td&gt;&lt;td&gt;54.214&lt;/td&gt;&lt;td&gt;195.613&lt;/td&gt;&lt;td&gt;25&lt;/td&gt;&lt;/tr&gt; &lt;tr&gt;&lt;/table&gt; Total file length :   305.594 Mbytes</subfield>
    </datafield>
  </record>