
  <record>
    <datafield atag="999" ind1=" " ind2=" ">
      <subfield code="9">Marcello Maggi</subfield>
      <subfield code="c">3445064411</subfield>
      <subfield code="s">306847080</subfield>
    </datafield>
    <datafield atag="980" ind1=" " ind2=" ">
      <subfield code="a">Real Data MINI Year 1999</subfield>
    </datafield>
    <datafield atag="856" ind1="4" ind2=" ">
      <subfield code="u">irods://data.repo.cineca.it:1247/CINECA01/home/EUDAT_STAFF/Aleph_Test/ZD4002.33.AL</subfield>
      <subfield code="y">EUDAT</subfield>
    </datafield>
    <datafield atag="856" ind1="4" ind2=" ">
      <subfield code="u">rfio:/castor/cern.ch/aleph/data/ZD4002.33.AL</subfield>
      <subfield code="y">CERN</subfield>
    </datafield>
    <datafield atag="710" ind1=" " ind2=" ">
      <subfield code="g">ALEPH Collaboration</subfield>
    </datafield>
    <datafield atag="245" ind1=" " ind2=" ">
      <subfield code="9">ALEPH</subfield>
      <subfield code="a">LEP2 Data from The ALEPH Collaboration</subfield>
    </datafield>
    <datafield atag="024" ind1="7" ind2=" ">
      <subfield code="2">Handle</subfield>
      <subfield code="a">11100/45fb7ac0-cbeb-11e3-91c4-e41f13eb41b2
</subfield>
    </datafield>
    <datafield atag="269" ind1=" " ind2=" ">
      <subfield code="c">1999</subfield>
    </datafield>
    <datafield atag="520" ind1=" " ind2=" ">
      <subfield code="9">ALEPH</subfield>
      <subfield code="h">Run contents for this data file &lt;table border=&quot;1&quot;&gt; &lt;tr&gt; &lt;th&gt;Run #&lt;/th&gt;&lt;th&gt;Nevents&lt;/th&gt;&lt;th&gt;Length (Mb)&lt;/th&gt;&lt;th&gt;LEP energy&lt;/th&gt;&lt;th&gt;Nb of Z0s&lt;/th&gt;&lt;/tr&gt; &lt;tr&gt; &lt;td&gt;49486&lt;/td&gt;&lt;td&gt;555&lt;/td&gt;&lt;td&gt;1.259&lt;/td&gt;&lt;td&gt;191.656&lt;/td&gt;&lt;td&gt;2&lt;/td&gt;&lt;/tr&gt; &lt;tr&gt; &lt;td&gt;49594&lt;/td&gt;&lt;td&gt;18734&lt;/td&gt;&lt;td&gt;47.861&lt;/td&gt;&lt;td&gt;191.609&lt;/td&gt;&lt;td&gt;25&lt;/td&gt;&lt;/tr&gt; &lt;tr&gt; &lt;td&gt;50066&lt;/td&gt;&lt;td&gt;15836&lt;/td&gt;&lt;td&gt;42.414&lt;/td&gt;&lt;td&gt;195.585&lt;/td&gt;&lt;td&gt;19&lt;/td&gt;&lt;/tr&gt; &lt;tr&gt; &lt;td&gt;50067&lt;/td&gt;&lt;td&gt;416&lt;/td&gt;&lt;td&gt;1.229&lt;/td&gt;&lt;td&gt;195.580&lt;/td&gt;&lt;td&gt;2&lt;/td&gt;&lt;/tr&gt; &lt;tr&gt; &lt;td&gt;50071&lt;/td&gt;&lt;td&gt;18872&lt;/td&gt;&lt;td&gt;56.240&lt;/td&gt;&lt;td&gt;195.591&lt;/td&gt;&lt;td&gt;36&lt;/td&gt;&lt;/tr&gt; &lt;tr&gt; &lt;td&gt;50072&lt;/td&gt;&lt;td&gt;19065&lt;/td&gt;&lt;td&gt;53.781&lt;/td&gt;&lt;td&gt;195.561&lt;/td&gt;&lt;td&gt;35&lt;/td&gt;&lt;/tr&gt; &lt;tr&gt; &lt;td&gt;50073&lt;/td&gt;&lt;td&gt;1935&lt;/td&gt;&lt;td&gt;5.386&lt;/td&gt;&lt;td&gt;195.550&lt;/td&gt;&lt;td&gt;4&lt;/td&gt;&lt;/tr&gt; &lt;tr&gt; &lt;td&gt;50075&lt;/td&gt;&lt;td&gt;18549&lt;/td&gt;&lt;td&gt;51.466&lt;/td&gt;&lt;td&gt;195.644&lt;/td&gt;&lt;td&gt;30&lt;/td&gt;&lt;/tr&gt; &lt;tr&gt; &lt;td&gt;50076&lt;/td&gt;&lt;td&gt;12254&lt;/td&gt;&lt;td&gt;31.978&lt;/td&gt;&lt;td&gt;195.692&lt;/td&gt;&lt;td&gt;24&lt;/td&gt;&lt;/tr&gt; &lt;tr&gt; &lt;td&gt;50078&lt;/td&gt;&lt;td&gt;580&lt;/td&gt;&lt;td&gt;1.609&lt;/td&gt;&lt;td&gt;195.667&lt;/td&gt;&lt;td&gt;-1&lt;/td&gt;&lt;/tr&gt; &lt;tr&gt; &lt;td&gt;50080&lt;/td&gt;&lt;td&gt;18941&lt;/td&gt;&lt;td&gt;54.450&lt;/td&gt;&lt;td&gt;195.606&lt;/td&gt;&lt;td&gt;33&lt;/td&gt;&lt;/tr&gt; &lt;tr&gt;&lt;/table&gt; Total file length :   305.594 Mbytes</subfield>
    </datafield>
  </record>