
  <record>
    <datafield atag="999" ind1=" " ind2=" ">
      <subfield code="9">Marcello Maggi</subfield>
      <subfield code="c">3445064411</subfield>
      <subfield code="s">306847080</subfield>
    </datafield>
    <datafield atag="980" ind1=" " ind2=" ">
      <subfield code="a">Real Data MINI Year 1999</subfield>
    </datafield>
    <datafield atag="856" ind1="4" ind2=" ">
      <subfield code="u">irods://data.repo.cineca.it:1247/CINECA01/home/EUDAT_STAFF/Aleph_Test/ZD4002.34.AL</subfield>
      <subfield code="y">EUDAT</subfield>
    </datafield>
    <datafield atag="856" ind1="4" ind2=" ">
      <subfield code="u">rfio:/castor/cern.ch/aleph/data/ZD4002.34.AL</subfield>
      <subfield code="y">CERN</subfield>
    </datafield>
    <datafield atag="710" ind1=" " ind2=" ">
      <subfield code="g">ALEPH Collaboration</subfield>
    </datafield>
    <datafield atag="245" ind1=" " ind2=" ">
      <subfield code="9">ALEPH</subfield>
      <subfield code="a">LEP2 Data from The ALEPH Collaboration</subfield>
    </datafield>
    <datafield atag="024" ind1="7" ind2=" ">
      <subfield code="2">Handle</subfield>
      <subfield code="a">11100/51f4732c-cbeb-11e3-82c1-e41f13eb41b2
</subfield>
    </datafield>
    <datafield atag="269" ind1=" " ind2=" ">
      <subfield code="c">1999</subfield>
    </datafield>
    <datafield atag="520" ind1=" " ind2=" ">
      <subfield code="9">ALEPH</subfield>
      <subfield code="h">Run contents for this data file &lt;table border=&quot;1&quot;&gt; &lt;tr&gt; &lt;th&gt;Run #&lt;/th&gt;&lt;th&gt;Nevents&lt;/th&gt;&lt;th&gt;Length (Mb)&lt;/th&gt;&lt;th&gt;LEP energy&lt;/th&gt;&lt;th&gt;Nb of Z0s&lt;/th&gt;&lt;/tr&gt; &lt;tr&gt; &lt;td&gt;49475&lt;/td&gt;&lt;td&gt;16541&lt;/td&gt;&lt;td&gt;39.677&lt;/td&gt;&lt;td&gt;191.588&lt;/td&gt;&lt;td&gt;21&lt;/td&gt;&lt;/tr&gt; &lt;tr&gt; &lt;td&gt;49476&lt;/td&gt;&lt;td&gt;15829&lt;/td&gt;&lt;td&gt;35.943&lt;/td&gt;&lt;td&gt;191.592&lt;/td&gt;&lt;td&gt;23&lt;/td&gt;&lt;/tr&gt; &lt;tr&gt; &lt;td&gt;49478&lt;/td&gt;&lt;td&gt;15538&lt;/td&gt;&lt;td&gt;37.217&lt;/td&gt;&lt;td&gt;191.673&lt;/td&gt;&lt;td&gt;13&lt;/td&gt;&lt;/tr&gt; &lt;tr&gt; &lt;td&gt;50081&lt;/td&gt;&lt;td&gt;19033&lt;/td&gt;&lt;td&gt;53.121&lt;/td&gt;&lt;td&gt;195.582&lt;/td&gt;&lt;td&gt;36&lt;/td&gt;&lt;/tr&gt; &lt;tr&gt; &lt;td&gt;50082&lt;/td&gt;&lt;td&gt;7488&lt;/td&gt;&lt;td&gt;19.450&lt;/td&gt;&lt;td&gt;195.575&lt;/td&gt;&lt;td&gt;9&lt;/td&gt;&lt;/tr&gt; &lt;tr&gt; &lt;td&gt;50084&lt;/td&gt;&lt;td&gt;18899&lt;/td&gt;&lt;td&gt;55.252&lt;/td&gt;&lt;td&gt;195.591&lt;/td&gt;&lt;td&gt;32&lt;/td&gt;&lt;/tr&gt; &lt;tr&gt; &lt;td&gt;50085&lt;/td&gt;&lt;td&gt;14840&lt;/td&gt;&lt;td&gt;41.825&lt;/td&gt;&lt;td&gt;195.583&lt;/td&gt;&lt;td&gt;13&lt;/td&gt;&lt;/tr&gt; &lt;tr&gt; &lt;td&gt;50089&lt;/td&gt;&lt;td&gt;18942&lt;/td&gt;&lt;td&gt;53.898&lt;/td&gt;&lt;td&gt;195.613&lt;/td&gt;&lt;td&gt;38&lt;/td&gt;&lt;/tr&gt; &lt;tr&gt;&lt;/table&gt; Total file length :   305.594 Mbytes</subfield>
    </datafield>
  </record>