
  <record>
    <datafield atag="999" ind1=" " ind2=" ">
      <subfield code="9">Marcello Maggi</subfield>
      <subfield code="c">3445064411</subfield>
      <subfield code="s">306847080</subfield>
    </datafield>
    <datafield atag="980" ind1=" " ind2=" ">
      <subfield code="a">Real Data MINI Year 1999</subfield>
    </datafield>
    <datafield atag="856" ind1="4" ind2=" ">
      <subfield code="u">irods://data.repo.cineca.it:1247/CINECA01/home/EUDAT_STAFF/Aleph_Test/ZD4002.35.AL</subfield>
      <subfield code="y">EUDAT</subfield>
    </datafield>
    <datafield atag="856" ind1="4" ind2=" ">
      <subfield code="u">rfio:/castor/cern.ch/aleph/data/ZD4002.35.AL</subfield>
      <subfield code="y">CERN</subfield>
    </datafield>
    <datafield atag="710" ind1=" " ind2=" ">
      <subfield code="g">ALEPH Collaboration</subfield>
    </datafield>
    <datafield atag="245" ind1=" " ind2=" ">
      <subfield code="9">ALEPH</subfield>
      <subfield code="a">LEP2 Data from The ALEPH Collaboration</subfield>
    </datafield>
    <datafield atag="024" ind1="7" ind2=" ">
      <subfield code="2">Handle</subfield>
      <subfield code="a">11100/591865dc-cbeb-11e3-9bec-e41f13eb41b2
</subfield>
    </datafield>
    <datafield atag="269" ind1=" " ind2=" ">
      <subfield code="c">1999</subfield>
    </datafield>
    <datafield atag="520" ind1=" " ind2=" ">
      <subfield code="9">ALEPH</subfield>
      <subfield code="h">Run contents for this data file &lt;table border=&quot;1&quot;&gt; &lt;tr&gt; &lt;th&gt;Run #&lt;/th&gt;&lt;th&gt;Nevents&lt;/th&gt;&lt;th&gt;Length (Mb)&lt;/th&gt;&lt;th&gt;LEP energy&lt;/th&gt;&lt;th&gt;Nb of Z0s&lt;/th&gt;&lt;/tr&gt; &lt;tr&gt; &lt;td&gt;49762&lt;/td&gt;&lt;td&gt;18636&lt;/td&gt;&lt;td&gt;50.953&lt;/td&gt;&lt;td&gt;191.538&lt;/td&gt;&lt;td&gt;27&lt;/td&gt;&lt;/tr&gt; &lt;tr&gt; &lt;td&gt;49763&lt;/td&gt;&lt;td&gt;19183&lt;/td&gt;&lt;td&gt;51.984&lt;/td&gt;&lt;td&gt;191.550&lt;/td&gt;&lt;td&gt;34&lt;/td&gt;&lt;/tr&gt; &lt;tr&gt; &lt;td&gt;50090&lt;/td&gt;&lt;td&gt;12545&lt;/td&gt;&lt;td&gt;33.607&lt;/td&gt;&lt;td&gt;195.582&lt;/td&gt;&lt;td&gt;29&lt;/td&gt;&lt;/tr&gt; &lt;tr&gt; &lt;td&gt;50103&lt;/td&gt;&lt;td&gt;872&lt;/td&gt;&lt;td&gt;2.371&lt;/td&gt;&lt;td&gt;191.631&lt;/td&gt;&lt;td&gt;1&lt;/td&gt;&lt;/tr&gt; &lt;tr&gt; &lt;td&gt;50107&lt;/td&gt;&lt;td&gt;14990&lt;/td&gt;&lt;td&gt;42.119&lt;/td&gt;&lt;td&gt;191.503&lt;/td&gt;&lt;td&gt;36&lt;/td&gt;&lt;/tr&gt; &lt;tr&gt; &lt;td&gt;50109&lt;/td&gt;&lt;td&gt;7763&lt;/td&gt;&lt;td&gt;21.231&lt;/td&gt;&lt;td&gt;195.543&lt;/td&gt;&lt;td&gt;11&lt;/td&gt;&lt;/tr&gt; &lt;tr&gt; &lt;td&gt;50114&lt;/td&gt;&lt;td&gt;19131&lt;/td&gt;&lt;td&gt;54.668&lt;/td&gt;&lt;td&gt;191.552&lt;/td&gt;&lt;td&gt;31&lt;/td&gt;&lt;/tr&gt; &lt;tr&gt; &lt;td&gt;50115&lt;/td&gt;&lt;td&gt;5829&lt;/td&gt;&lt;td&gt;16.356&lt;/td&gt;&lt;td&gt;191.556&lt;/td&gt;&lt;td&gt;8&lt;/td&gt;&lt;/tr&gt; &lt;tr&gt; &lt;td&gt;50118&lt;/td&gt;&lt;td&gt;10159&lt;/td&gt;&lt;td&gt;29.633&lt;/td&gt;&lt;td&gt;195.558&lt;/td&gt;&lt;td&gt;16&lt;/td&gt;&lt;/tr&gt; &lt;tr&gt; &lt;td&gt;50121&lt;/td&gt;&lt;td&gt;565&lt;/td&gt;&lt;td&gt;1.773&lt;/td&gt;&lt;td&gt;195.637&lt;/td&gt;&lt;td&gt;2&lt;/td&gt;&lt;/tr&gt; &lt;tr&gt;&lt;/table&gt; Total file length :   305.594 Mbytes</subfield>
    </datafield>
  </record>