
  <record>
    <datafield atag="999" ind1=" " ind2=" ">
      <subfield code="9">Marcello Maggi</subfield>
      <subfield code="c">3445064411</subfield>
      <subfield code="s">306847080</subfield>
    </datafield>
    <datafield atag="980" ind1=" " ind2=" ">
      <subfield code="a">Real Data MINI Year 1999</subfield>
    </datafield>
    <datafield atag="856" ind1="4" ind2=" ">
      <subfield code="u">irods://data.repo.cineca.it:1247/CINECA01/home/EUDAT_STAFF/Aleph_Test/ZD4002.36.AL</subfield>
      <subfield code="y">EUDAT</subfield>
    </datafield>
    <datafield atag="856" ind1="4" ind2=" ">
      <subfield code="u">rfio:/castor/cern.ch/aleph/data/ZD4002.36.AL</subfield>
      <subfield code="y">CERN</subfield>
    </datafield>
    <datafield atag="710" ind1=" " ind2=" ">
      <subfield code="g">ALEPH Collaboration</subfield>
    </datafield>
    <datafield atag="245" ind1=" " ind2=" ">
      <subfield code="9">ALEPH</subfield>
      <subfield code="a">LEP2 Data from The ALEPH Collaboration</subfield>
    </datafield>
    <datafield atag="024" ind1="7" ind2=" ">
      <subfield code="2">Handle</subfield>
      <subfield code="a">11100/65a75a42-cbeb-11e3-9d98-e41f13eb41b2
</subfield>
    </datafield>
    <datafield atag="269" ind1=" " ind2=" ">
      <subfield code="c">1999</subfield>
    </datafield>
    <datafield atag="520" ind1=" " ind2=" ">
      <subfield code="9">ALEPH</subfield>
      <subfield code="h">Run contents for this data file &lt;table border=&quot;1&quot;&gt; &lt;tr&gt; &lt;th&gt;Run #&lt;/th&gt;&lt;th&gt;Nevents&lt;/th&gt;&lt;th&gt;Length (Mb)&lt;/th&gt;&lt;th&gt;LEP energy&lt;/th&gt;&lt;th&gt;Nb of Z0s&lt;/th&gt;&lt;/tr&gt; &lt;tr&gt; &lt;td&gt;50122&lt;/td&gt;&lt;td&gt;15354&lt;/td&gt;&lt;td&gt;44.453&lt;/td&gt;&lt;td&gt;195.578&lt;/td&gt;&lt;td&gt;29&lt;/td&gt;&lt;/tr&gt; &lt;tr&gt; &lt;td&gt;50140&lt;/td&gt;&lt;td&gt;18261&lt;/td&gt;&lt;td&gt;55.505&lt;/td&gt;&lt;td&gt;195.622&lt;/td&gt;&lt;td&gt;40&lt;/td&gt;&lt;/tr&gt; &lt;tr&gt; &lt;td&gt;50141&lt;/td&gt;&lt;td&gt;16566&lt;/td&gt;&lt;td&gt;46.649&lt;/td&gt;&lt;td&gt;195.573&lt;/td&gt;&lt;td&gt;27&lt;/td&gt;&lt;/tr&gt; &lt;tr&gt; &lt;td&gt;50145&lt;/td&gt;&lt;td&gt;18293&lt;/td&gt;&lt;td&gt;48.843&lt;/td&gt;&lt;td&gt;191.630&lt;/td&gt;&lt;td&gt;47&lt;/td&gt;&lt;/tr&gt; &lt;tr&gt; &lt;td&gt;50146&lt;/td&gt;&lt;td&gt;18030&lt;/td&gt;&lt;td&gt;47.359&lt;/td&gt;&lt;td&gt;191.509&lt;/td&gt;&lt;td&gt;32&lt;/td&gt;&lt;/tr&gt; &lt;tr&gt; &lt;td&gt;50147&lt;/td&gt;&lt;td&gt;431&lt;/td&gt;&lt;td&gt;1.030&lt;/td&gt;&lt;td&gt;191.495&lt;/td&gt;&lt;td&gt;1&lt;/td&gt;&lt;/tr&gt; &lt;tr&gt; &lt;td&gt;50149&lt;/td&gt;&lt;td&gt;18461&lt;/td&gt;&lt;td&gt;52.012&lt;/td&gt;&lt;td&gt;195.609&lt;/td&gt;&lt;td&gt;37&lt;/td&gt;&lt;/tr&gt; &lt;tr&gt; &lt;td&gt;50150&lt;/td&gt;&lt;td&gt;14500&lt;/td&gt;&lt;td&gt;40.416&lt;/td&gt;&lt;td&gt;195.661&lt;/td&gt;&lt;td&gt;33&lt;/td&gt;&lt;/tr&gt; &lt;tr&gt;&lt;/table&gt; Total file length :   305.594 Mbytes</subfield>
    </datafield>
  </record>