
  <record>
    <datafield atag="999" ind1=" " ind2=" ">
      <subfield code="9">Marcello Maggi</subfield>
      <subfield code="c">3445064411</subfield>
      <subfield code="s">306847080</subfield>
    </datafield>
    <datafield atag="980" ind1=" " ind2=" ">
      <subfield code="a">Real Data MINI Year 1999</subfield>
    </datafield>
    <datafield atag="856" ind1="4" ind2=" ">
      <subfield code="u">irods://data.repo.cineca.it:1247/CINECA01/home/EUDAT_STAFF/Aleph_Test/ZD4002.37.AL</subfield>
      <subfield code="y">EUDAT</subfield>
    </datafield>
    <datafield atag="856" ind1="4" ind2=" ">
      <subfield code="u">rfio:/castor/cern.ch/aleph/data/ZD4002.37.AL</subfield>
      <subfield code="y">CERN</subfield>
    </datafield>
    <datafield atag="710" ind1=" " ind2=" ">
      <subfield code="g">ALEPH Collaboration</subfield>
    </datafield>
    <datafield atag="245" ind1=" " ind2=" ">
      <subfield code="9">ALEPH</subfield>
      <subfield code="a">LEP2 Data from The ALEPH Collaboration</subfield>
    </datafield>
    <datafield atag="024" ind1="7" ind2=" ">
      <subfield code="2">Handle</subfield>
      <subfield code="a">11100/6db62ca4-cbeb-11e3-a4c5-e41f13eb41b2
</subfield>
    </datafield>
    <datafield atag="269" ind1=" " ind2=" ">
      <subfield code="c">1999</subfield>
    </datafield>
    <datafield atag="520" ind1=" " ind2=" ">
      <subfield code="9">ALEPH</subfield>
      <subfield code="h">Run contents for this data file &lt;table border=&quot;1&quot;&gt; &lt;tr&gt; &lt;th&gt;Run #&lt;/th&gt;&lt;th&gt;Nevents&lt;/th&gt;&lt;th&gt;Length (Mb)&lt;/th&gt;&lt;th&gt;LEP energy&lt;/th&gt;&lt;th&gt;Nb of Z0s&lt;/th&gt;&lt;/tr&gt; &lt;tr&gt; &lt;td&gt;50123&lt;/td&gt;&lt;td&gt;19178&lt;/td&gt;&lt;td&gt;55.551&lt;/td&gt;&lt;td&gt;195.560&lt;/td&gt;&lt;td&gt;34&lt;/td&gt;&lt;/tr&gt; &lt;tr&gt; &lt;td&gt;50124&lt;/td&gt;&lt;td&gt;1888&lt;/td&gt;&lt;td&gt;5.316&lt;/td&gt;&lt;td&gt;195.552&lt;/td&gt;&lt;td&gt;3&lt;/td&gt;&lt;/tr&gt; &lt;tr&gt; &lt;td&gt;50126&lt;/td&gt;&lt;td&gt;10495&lt;/td&gt;&lt;td&gt;30.373&lt;/td&gt;&lt;td&gt;195.698&lt;/td&gt;&lt;td&gt;13&lt;/td&gt;&lt;/tr&gt; &lt;tr&gt; &lt;td&gt;50128&lt;/td&gt;&lt;td&gt;18774&lt;/td&gt;&lt;td&gt;56.035&lt;/td&gt;&lt;td&gt;195.512&lt;/td&gt;&lt;td&gt;39&lt;/td&gt;&lt;/tr&gt; &lt;tr&gt; &lt;td&gt;50129&lt;/td&gt;&lt;td&gt;18877&lt;/td&gt;&lt;td&gt;55.939&lt;/td&gt;&lt;td&gt;195.499&lt;/td&gt;&lt;td&gt;42&lt;/td&gt;&lt;/tr&gt; &lt;tr&gt; &lt;td&gt;50130&lt;/td&gt;&lt;td&gt;1945&lt;/td&gt;&lt;td&gt;5.558&lt;/td&gt;&lt;td&gt;195.486&lt;/td&gt;&lt;td&gt;2&lt;/td&gt;&lt;/tr&gt; &lt;tr&gt; &lt;td&gt;50134&lt;/td&gt;&lt;td&gt;18635&lt;/td&gt;&lt;td&gt;56.528&lt;/td&gt;&lt;td&gt;195.500&lt;/td&gt;&lt;td&gt;38&lt;/td&gt;&lt;/tr&gt; &lt;tr&gt; &lt;td&gt;50135&lt;/td&gt;&lt;td&gt;2036&lt;/td&gt;&lt;td&gt;6.274&lt;/td&gt;&lt;td&gt;195.471&lt;/td&gt;&lt;td&gt;4&lt;/td&gt;&lt;/tr&gt; &lt;tr&gt; &lt;td&gt;50137&lt;/td&gt;&lt;td&gt;18675&lt;/td&gt;&lt;td&gt;56.846&lt;/td&gt;&lt;td&gt;195.531&lt;/td&gt;&lt;td&gt;44&lt;/td&gt;&lt;/tr&gt; &lt;tr&gt;&lt;/table&gt; Total file length :   305.594 Mbytes</subfield>
    </datafield>
  </record>