
  <record>
    <datafield atag="999" ind1=" " ind2=" ">
      <subfield code="9">Marcello Maggi</subfield>
      <subfield code="c">3445064411</subfield>
      <subfield code="s">306847080</subfield>
    </datafield>
    <datafield atag="980" ind1=" " ind2=" ">
      <subfield code="a">Real Data MINI Year 1999</subfield>
    </datafield>
    <datafield atag="856" ind1="4" ind2=" ">
      <subfield code="u">irods://data.repo.cineca.it:1247/CINECA01/home/EUDAT_STAFF/Aleph_Test/ZD4002.38.AL</subfield>
      <subfield code="y">EUDAT</subfield>
    </datafield>
    <datafield atag="856" ind1="4" ind2=" ">
      <subfield code="u">rfio:/castor/cern.ch/aleph/data/ZD4002.38.AL</subfield>
      <subfield code="y">CERN</subfield>
    </datafield>
    <datafield atag="710" ind1=" " ind2=" ">
      <subfield code="g">ALEPH Collaboration</subfield>
    </datafield>
    <datafield atag="245" ind1=" " ind2=" ">
      <subfield code="9">ALEPH</subfield>
      <subfield code="a">LEP2 Data from The ALEPH Collaboration</subfield>
    </datafield>
    <datafield atag="024" ind1="7" ind2=" ">
      <subfield code="2">Handle</subfield>
      <subfield code="a">11100/7569bf6a-cbeb-11e3-9ca1-e41f13eb41b2
</subfield>
    </datafield>
    <datafield atag="269" ind1=" " ind2=" ">
      <subfield code="c">1999</subfield>
    </datafield>
    <datafield atag="520" ind1=" " ind2=" ">
      <subfield code="9">ALEPH</subfield>
      <subfield code="h">Run contents for this data file &lt;table border=&quot;1&quot;&gt; &lt;tr&gt; &lt;th&gt;Run #&lt;/th&gt;&lt;th&gt;Nevents&lt;/th&gt;&lt;th&gt;Length (Mb)&lt;/th&gt;&lt;th&gt;LEP energy&lt;/th&gt;&lt;th&gt;Nb of Z0s&lt;/th&gt;&lt;/tr&gt; &lt;tr&gt; &lt;td&gt;50138&lt;/td&gt;&lt;td&gt;6775&lt;/td&gt;&lt;td&gt;20.372&lt;/td&gt;&lt;td&gt;195.531&lt;/td&gt;&lt;td&gt;12&lt;/td&gt;&lt;/tr&gt; &lt;tr&gt; &lt;td&gt;50152&lt;/td&gt;&lt;td&gt;18775&lt;/td&gt;&lt;td&gt;56.330&lt;/td&gt;&lt;td&gt;195.550&lt;/td&gt;&lt;td&gt;36&lt;/td&gt;&lt;/tr&gt; &lt;tr&gt; &lt;td&gt;50153&lt;/td&gt;&lt;td&gt;1525&lt;/td&gt;&lt;td&gt;4.450&lt;/td&gt;&lt;td&gt;195.545&lt;/td&gt;&lt;td&gt;5&lt;/td&gt;&lt;/tr&gt; &lt;tr&gt; &lt;td&gt;50159&lt;/td&gt;&lt;td&gt;6741&lt;/td&gt;&lt;td&gt;20.183&lt;/td&gt;&lt;td&gt;195.592&lt;/td&gt;&lt;td&gt;10&lt;/td&gt;&lt;/tr&gt; &lt;tr&gt; &lt;td&gt;50162&lt;/td&gt;&lt;td&gt;18344&lt;/td&gt;&lt;td&gt;54.069&lt;/td&gt;&lt;td&gt;195.616&lt;/td&gt;&lt;td&gt;29&lt;/td&gt;&lt;/tr&gt; &lt;tr&gt; &lt;td&gt;50163&lt;/td&gt;&lt;td&gt;18934&lt;/td&gt;&lt;td&gt;54.217&lt;/td&gt;&lt;td&gt;195.587&lt;/td&gt;&lt;td&gt;30&lt;/td&gt;&lt;/tr&gt; &lt;tr&gt; &lt;td&gt;50164&lt;/td&gt;&lt;td&gt;8703&lt;/td&gt;&lt;td&gt;22.826&lt;/td&gt;&lt;td&gt;195.542&lt;/td&gt;&lt;td&gt;6&lt;/td&gt;&lt;/tr&gt; &lt;tr&gt; &lt;td&gt;50166&lt;/td&gt;&lt;td&gt;18790&lt;/td&gt;&lt;td&gt;55.932&lt;/td&gt;&lt;td&gt;195.544&lt;/td&gt;&lt;td&gt;37&lt;/td&gt;&lt;/tr&gt; &lt;tr&gt; &lt;td&gt;50167&lt;/td&gt;&lt;td&gt;13074&lt;/td&gt;&lt;td&gt;38.439&lt;/td&gt;&lt;td&gt;195.544&lt;/td&gt;&lt;td&gt;24&lt;/td&gt;&lt;/tr&gt; &lt;tr&gt;&lt;/table&gt; Total file length :   305.594 Mbytes</subfield>
    </datafield>
  </record>