
  <record>
    <datafield atag="999" ind1=" " ind2=" ">
      <subfield code="9">Marcello Maggi</subfield>
      <subfield code="c">3445064411</subfield>
      <subfield code="s">306847080</subfield>
    </datafield>
    <datafield atag="980" ind1=" " ind2=" ">
      <subfield code="a">Real Data MINI Year 1999</subfield>
    </datafield>
    <datafield atag="856" ind1="4" ind2=" ">
      <subfield code="u">irods://data.repo.cineca.it:1247/CINECA01/home/EUDAT_STAFF/Aleph_Test/ZD4002.39.AL</subfield>
      <subfield code="y">EUDAT</subfield>
    </datafield>
    <datafield atag="856" ind1="4" ind2=" ">
      <subfield code="u">rfio:/castor/cern.ch/aleph/data/ZD4002.39.AL</subfield>
      <subfield code="y">CERN</subfield>
    </datafield>
    <datafield atag="710" ind1=" " ind2=" ">
      <subfield code="g">ALEPH Collaboration</subfield>
    </datafield>
    <datafield atag="245" ind1=" " ind2=" ">
      <subfield code="9">ALEPH</subfield>
      <subfield code="a">LEP2 Data from The ALEPH Collaboration</subfield>
    </datafield>
    <datafield atag="024" ind1="7" ind2=" ">
      <subfield code="2">Handle</subfield>
      <subfield code="a">11100/8116e2ac-cbeb-11e3-847c-e41f13eb41b2
</subfield>
    </datafield>
    <datafield atag="269" ind1=" " ind2=" ">
      <subfield code="c">1999</subfield>
    </datafield>
    <datafield atag="520" ind1=" " ind2=" ">
      <subfield code="9">ALEPH</subfield>
      <subfield code="h">Run contents for this data file &lt;table border=&quot;1&quot;&gt; &lt;tr&gt; &lt;th&gt;Run #&lt;/th&gt;&lt;th&gt;Nevents&lt;/th&gt;&lt;th&gt;Length (Mb)&lt;/th&gt;&lt;th&gt;LEP energy&lt;/th&gt;&lt;th&gt;Nb of Z0s&lt;/th&gt;&lt;/tr&gt; &lt;tr&gt; &lt;td&gt;50169&lt;/td&gt;&lt;td&gt;18587&lt;/td&gt;&lt;td&gt;57.323&lt;/td&gt;&lt;td&gt;195.563&lt;/td&gt;&lt;td&gt;34&lt;/td&gt;&lt;/tr&gt; &lt;tr&gt; &lt;td&gt;50170&lt;/td&gt;&lt;td&gt;7879&lt;/td&gt;&lt;td&gt;23.204&lt;/td&gt;&lt;td&gt;195.557&lt;/td&gt;&lt;td&gt;11&lt;/td&gt;&lt;/tr&gt; &lt;tr&gt; &lt;td&gt;50173&lt;/td&gt;&lt;td&gt;18818&lt;/td&gt;&lt;td&gt;57.795&lt;/td&gt;&lt;td&gt;195.534&lt;/td&gt;&lt;td&gt;41&lt;/td&gt;&lt;/tr&gt; &lt;tr&gt; &lt;td&gt;50174&lt;/td&gt;&lt;td&gt;18815&lt;/td&gt;&lt;td&gt;55.379&lt;/td&gt;&lt;td&gt;195.524&lt;/td&gt;&lt;td&gt;36&lt;/td&gt;&lt;/tr&gt; &lt;tr&gt; &lt;td&gt;50175&lt;/td&gt;&lt;td&gt;3130&lt;/td&gt;&lt;td&gt;8.571&lt;/td&gt;&lt;td&gt;195.492&lt;/td&gt;&lt;td&gt;6&lt;/td&gt;&lt;/tr&gt; &lt;tr&gt; &lt;td&gt;50177&lt;/td&gt;&lt;td&gt;18695&lt;/td&gt;&lt;td&gt;57.954&lt;/td&gt;&lt;td&gt;195.509&lt;/td&gt;&lt;td&gt;48&lt;/td&gt;&lt;/tr&gt; &lt;tr&gt; &lt;td&gt;50178&lt;/td&gt;&lt;td&gt;12186&lt;/td&gt;&lt;td&gt;35.180&lt;/td&gt;&lt;td&gt;195.484&lt;/td&gt;&lt;td&gt;20&lt;/td&gt;&lt;/tr&gt; &lt;tr&gt; &lt;td&gt;50181&lt;/td&gt;&lt;td&gt;10000&lt;/td&gt;&lt;td&gt;29.101&lt;/td&gt;&lt;td&gt;195.767&lt;/td&gt;&lt;td&gt;20&lt;/td&gt;&lt;/tr&gt; &lt;tr&gt;&lt;/table&gt; Total file length :   305.594 Mbytes</subfield>
    </datafield>
  </record>