
  <record>
    <datafield atag="999" ind1=" " ind2=" ">
      <subfield code="9">Marcello Maggi</subfield>
      <subfield code="c">3445064411</subfield>
      <subfield code="s">306847080</subfield>
    </datafield>
    <datafield atag="980" ind1=" " ind2=" ">
      <subfield code="a">Real Data MINI Year 1999</subfield>
    </datafield>
    <datafield atag="856" ind1="4" ind2=" ">
      <subfield code="u">irods://data.repo.cineca.it:1247/CINECA01/home/EUDAT_STAFF/Aleph_Test/ZD4002.4.AL</subfield>
      <subfield code="y">EUDAT</subfield>
    </datafield>
    <datafield atag="856" ind1="4" ind2=" ">
      <subfield code="u">rfio:/castor/cern.ch/aleph/data/ZD4002.4.AL</subfield>
      <subfield code="y">CERN</subfield>
    </datafield>
    <datafield atag="710" ind1=" " ind2=" ">
      <subfield code="g">ALEPH Collaboration</subfield>
    </datafield>
    <datafield atag="245" ind1=" " ind2=" ">
      <subfield code="9">ALEPH</subfield>
      <subfield code="a">LEP2 Data from The ALEPH Collaboration</subfield>
    </datafield>
    <datafield atag="024" ind1="7" ind2=" ">
      <subfield code="2">Handle</subfield>
      <subfield code="a">11100/8f18e116-cbeb-11e3-9935-e41f13eb41b2
</subfield>
    </datafield>
    <datafield atag="269" ind1=" " ind2=" ">
      <subfield code="c">1999</subfield>
    </datafield>
    <datafield atag="520" ind1=" " ind2=" ">
      <subfield code="9">ALEPH</subfield>
      <subfield code="h">Run contents for this data file &lt;table border=&quot;1&quot;&gt; &lt;tr&gt; &lt;th&gt;Run #&lt;/th&gt;&lt;th&gt;Nevents&lt;/th&gt;&lt;th&gt;Length (Mb)&lt;/th&gt;&lt;th&gt;LEP energy&lt;/th&gt;&lt;th&gt;Nb of Z0s&lt;/th&gt;&lt;/tr&gt; &lt;tr&gt; &lt;td&gt;49449&lt;/td&gt;&lt;td&gt;12073&lt;/td&gt;&lt;td&gt;30.235&lt;/td&gt;&lt;td&gt;191.560&lt;/td&gt;&lt;td&gt;13&lt;/td&gt;&lt;/tr&gt; &lt;tr&gt; &lt;td&gt;49450&lt;/td&gt;&lt;td&gt;11895&lt;/td&gt;&lt;td&gt;29.164&lt;/td&gt;&lt;td&gt;191.574&lt;/td&gt;&lt;td&gt;12&lt;/td&gt;&lt;/tr&gt; &lt;tr&gt; &lt;td&gt;49451&lt;/td&gt;&lt;td&gt;12339&lt;/td&gt;&lt;td&gt;29.812&lt;/td&gt;&lt;td&gt;191.587&lt;/td&gt;&lt;td&gt;12&lt;/td&gt;&lt;/tr&gt; &lt;tr&gt; &lt;td&gt;49452&lt;/td&gt;&lt;td&gt;11213&lt;/td&gt;&lt;td&gt;25.216&lt;/td&gt;&lt;td&gt;191.594&lt;/td&gt;&lt;td&gt;10&lt;/td&gt;&lt;/tr&gt; &lt;tr&gt; &lt;td&gt;49453&lt;/td&gt;&lt;td&gt;1802&lt;/td&gt;&lt;td&gt;4.252&lt;/td&gt;&lt;td&gt;191.593&lt;/td&gt;&lt;td&gt;3&lt;/td&gt;&lt;/tr&gt; &lt;tr&gt; &lt;td&gt;49458&lt;/td&gt;&lt;td&gt;15868&lt;/td&gt;&lt;td&gt;37.510&lt;/td&gt;&lt;td&gt;191.641&lt;/td&gt;&lt;td&gt;21&lt;/td&gt;&lt;/tr&gt; &lt;tr&gt; &lt;td&gt;49459&lt;/td&gt;&lt;td&gt;16464&lt;/td&gt;&lt;td&gt;38.665&lt;/td&gt;&lt;td&gt;191.651&lt;/td&gt;&lt;td&gt;18&lt;/td&gt;&lt;/tr&gt; &lt;tr&gt; &lt;td&gt;49460&lt;/td&gt;&lt;td&gt;16890&lt;/td&gt;&lt;td&gt;38.480&lt;/td&gt;&lt;td&gt;191.663&lt;/td&gt;&lt;td&gt;17&lt;/td&gt;&lt;/tr&gt; &lt;tr&gt; &lt;td&gt;49461&lt;/td&gt;&lt;td&gt;1129&lt;/td&gt;&lt;td&gt;2.657&lt;/td&gt;&lt;td&gt;191.667&lt;/td&gt;&lt;td&gt;2&lt;/td&gt;&lt;/tr&gt; &lt;tr&gt; &lt;td&gt;49463&lt;/td&gt;&lt;td&gt;15901&lt;/td&gt;&lt;td&gt;37.826&lt;/td&gt;&lt;td&gt;191.668&lt;/td&gt;&lt;td&gt;27&lt;/td&gt;&lt;/tr&gt; &lt;tr&gt; &lt;td&gt;49464&lt;/td&gt;&lt;td&gt;16280&lt;/td&gt;&lt;td&gt;38.853&lt;/td&gt;&lt;td&gt;191.666&lt;/td&gt;&lt;td&gt;20&lt;/td&gt;&lt;/tr&gt; &lt;tr&gt;&lt;/table&gt; Total file length :   305.594 Mbytes</subfield>
    </datafield>
  </record>