
  <record>
    <datafield atag="999" ind1=" " ind2=" ">
      <subfield code="9">Marcello Maggi</subfield>
      <subfield code="c">3445064411</subfield>
      <subfield code="s">306847080</subfield>
    </datafield>
    <datafield atag="980" ind1=" " ind2=" ">
      <subfield code="a">Real Data MINI Year 1999</subfield>
    </datafield>
    <datafield atag="856" ind1="4" ind2=" ">
      <subfield code="u">irods://data.repo.cineca.it:1247/CINECA01/home/EUDAT_STAFF/Aleph_Test/ZD4002.41.AL</subfield>
      <subfield code="y">EUDAT</subfield>
    </datafield>
    <datafield atag="856" ind1="4" ind2=" ">
      <subfield code="u">rfio:/castor/cern.ch/aleph/data/ZD4002.41.AL</subfield>
      <subfield code="y">CERN</subfield>
    </datafield>
    <datafield atag="710" ind1=" " ind2=" ">
      <subfield code="g">ALEPH Collaboration</subfield>
    </datafield>
    <datafield atag="245" ind1=" " ind2=" ">
      <subfield code="9">ALEPH</subfield>
      <subfield code="a">LEP2 Data from The ALEPH Collaboration</subfield>
    </datafield>
    <datafield atag="024" ind1="7" ind2=" ">
      <subfield code="2">Handle</subfield>
      <subfield code="a">11100/a409eebc-cbeb-11e3-b519-e41f13eb41b2
</subfield>
    </datafield>
    <datafield atag="269" ind1=" " ind2=" ">
      <subfield code="c">1999</subfield>
    </datafield>
    <datafield atag="520" ind1=" " ind2=" ">
      <subfield code="9">ALEPH</subfield>
      <subfield code="h">Run contents for this data file &lt;table border=&quot;1&quot;&gt; &lt;tr&gt; &lt;th&gt;Run #&lt;/th&gt;&lt;th&gt;Nevents&lt;/th&gt;&lt;th&gt;Length (Mb)&lt;/th&gt;&lt;th&gt;LEP energy&lt;/th&gt;&lt;th&gt;Nb of Z0s&lt;/th&gt;&lt;/tr&gt; &lt;tr&gt; &lt;td&gt;50192&lt;/td&gt;&lt;td&gt;1907&lt;/td&gt;&lt;td&gt;5.792&lt;/td&gt;&lt;td&gt;195.569&lt;/td&gt;&lt;td&gt;4&lt;/td&gt;&lt;/tr&gt; &lt;tr&gt; &lt;td&gt;50193&lt;/td&gt;&lt;td&gt;4588&lt;/td&gt;&lt;td&gt;13.366&lt;/td&gt;&lt;td&gt;195.570&lt;/td&gt;&lt;td&gt;5&lt;/td&gt;&lt;/tr&gt; &lt;tr&gt; &lt;td&gt;50194&lt;/td&gt;&lt;td&gt;5827&lt;/td&gt;&lt;td&gt;17.248&lt;/td&gt;&lt;td&gt;195.571&lt;/td&gt;&lt;td&gt;10&lt;/td&gt;&lt;/tr&gt; &lt;tr&gt; &lt;td&gt;50196&lt;/td&gt;&lt;td&gt;4644&lt;/td&gt;&lt;td&gt;14.349&lt;/td&gt;&lt;td&gt;195.580&lt;/td&gt;&lt;td&gt;12&lt;/td&gt;&lt;/tr&gt; &lt;tr&gt; &lt;td&gt;50198&lt;/td&gt;&lt;td&gt;19013&lt;/td&gt;&lt;td&gt;59.083&lt;/td&gt;&lt;td&gt;195.567&lt;/td&gt;&lt;td&gt;36&lt;/td&gt;&lt;/tr&gt; &lt;tr&gt; &lt;td&gt;50200&lt;/td&gt;&lt;td&gt;870&lt;/td&gt;&lt;td&gt;2.559&lt;/td&gt;&lt;td&gt;195.555&lt;/td&gt;&lt;td&gt;3&lt;/td&gt;&lt;/tr&gt; &lt;tr&gt; &lt;td&gt;50202&lt;/td&gt;&lt;td&gt;19483&lt;/td&gt;&lt;td&gt;60.515&lt;/td&gt;&lt;td&gt;195.514&lt;/td&gt;&lt;td&gt;37&lt;/td&gt;&lt;/tr&gt; &lt;tr&gt; &lt;td&gt;50203&lt;/td&gt;&lt;td&gt;11346&lt;/td&gt;&lt;td&gt;33.758&lt;/td&gt;&lt;td&gt;195.526&lt;/td&gt;&lt;td&gt;23&lt;/td&gt;&lt;/tr&gt; &lt;tr&gt; &lt;td&gt;50205&lt;/td&gt;&lt;td&gt;19029&lt;/td&gt;&lt;td&gt;60.200&lt;/td&gt;&lt;td&gt;195.520&lt;/td&gt;&lt;td&gt;31&lt;/td&gt;&lt;/tr&gt; &lt;tr&gt; &lt;td&gt;50206&lt;/td&gt;&lt;td&gt;8628&lt;/td&gt;&lt;td&gt;25.755&lt;/td&gt;&lt;td&gt;195.516&lt;/td&gt;&lt;td&gt;23&lt;/td&gt;&lt;/tr&gt; &lt;tr&gt; &lt;td&gt;50210&lt;/td&gt;&lt;td&gt;18605&lt;/td&gt;&lt;td&gt;52.435&lt;/td&gt;&lt;td&gt;191.568&lt;/td&gt;&lt;td&gt;34&lt;/td&gt;&lt;/tr&gt; &lt;tr&gt;&lt;/table&gt; Total file length :   305.594 Mbytes</subfield>
    </datafield>
  </record>