
  <record>
    <datafield atag="999" ind1=" " ind2=" ">
      <subfield code="9">Marcello Maggi</subfield>
      <subfield code="c">3445064411</subfield>
      <subfield code="s">306847080</subfield>
    </datafield>
    <datafield atag="980" ind1=" " ind2=" ">
      <subfield code="a">Real Data MINI Year 1999</subfield>
    </datafield>
    <datafield atag="856" ind1="4" ind2=" ">
      <subfield code="u">irods://data.repo.cineca.it:1247/CINECA01/home/EUDAT_STAFF/Aleph_Test/ZD4002.43.AL</subfield>
      <subfield code="y">EUDAT</subfield>
    </datafield>
    <datafield atag="856" ind1="4" ind2=" ">
      <subfield code="u">rfio:/castor/cern.ch/aleph/data/ZD4002.43.AL</subfield>
      <subfield code="y">CERN</subfield>
    </datafield>
    <datafield atag="710" ind1=" " ind2=" ">
      <subfield code="g">ALEPH Collaboration</subfield>
    </datafield>
    <datafield atag="245" ind1=" " ind2=" ">
      <subfield code="9">ALEPH</subfield>
      <subfield code="a">LEP2 Data from The ALEPH Collaboration</subfield>
    </datafield>
    <datafield atag="024" ind1="7" ind2=" ">
      <subfield code="2">Handle</subfield>
      <subfield code="a">11100/b78fbed0-cbeb-11e3-a918-e41f13eb41b2
</subfield>
    </datafield>
    <datafield atag="269" ind1=" " ind2=" ">
      <subfield code="c">1999</subfield>
    </datafield>
    <datafield atag="520" ind1=" " ind2=" ">
      <subfield code="9">ALEPH</subfield>
      <subfield code="h">Run contents for this data file &lt;table border=&quot;1&quot;&gt; &lt;tr&gt; &lt;th&gt;Run #&lt;/th&gt;&lt;th&gt;Nevents&lt;/th&gt;&lt;th&gt;Length (Mb)&lt;/th&gt;&lt;th&gt;LEP energy&lt;/th&gt;&lt;th&gt;Nb of Z0s&lt;/th&gt;&lt;/tr&gt; &lt;tr&gt; &lt;td&gt;50224&lt;/td&gt;&lt;td&gt;5477&lt;/td&gt;&lt;td&gt;16.043&lt;/td&gt;&lt;td&gt;195.518&lt;/td&gt;&lt;td&gt;10&lt;/td&gt;&lt;/tr&gt; &lt;tr&gt; &lt;td&gt;50226&lt;/td&gt;&lt;td&gt;19035&lt;/td&gt;&lt;td&gt;59.300&lt;/td&gt;&lt;td&gt;195.529&lt;/td&gt;&lt;td&gt;48&lt;/td&gt;&lt;/tr&gt; &lt;tr&gt; &lt;td&gt;50227&lt;/td&gt;&lt;td&gt;4455&lt;/td&gt;&lt;td&gt;13.222&lt;/td&gt;&lt;td&gt;195.529&lt;/td&gt;&lt;td&gt;9&lt;/td&gt;&lt;/tr&gt; &lt;tr&gt; &lt;td&gt;50229&lt;/td&gt;&lt;td&gt;18799&lt;/td&gt;&lt;td&gt;54.864&lt;/td&gt;&lt;td&gt;195.658&lt;/td&gt;&lt;td&gt;32&lt;/td&gt;&lt;/tr&gt; &lt;tr&gt; &lt;td&gt;50230&lt;/td&gt;&lt;td&gt;12640&lt;/td&gt;&lt;td&gt;36.901&lt;/td&gt;&lt;td&gt;195.561&lt;/td&gt;&lt;td&gt;26&lt;/td&gt;&lt;/tr&gt; &lt;tr&gt; &lt;td&gt;50234&lt;/td&gt;&lt;td&gt;18800&lt;/td&gt;&lt;td&gt;54.739&lt;/td&gt;&lt;td&gt;195.592&lt;/td&gt;&lt;td&gt;28&lt;/td&gt;&lt;/tr&gt; &lt;tr&gt; &lt;td&gt;50235&lt;/td&gt;&lt;td&gt;780&lt;/td&gt;&lt;td&gt;2.233&lt;/td&gt;&lt;td&gt;195.599&lt;/td&gt;&lt;td&gt;1&lt;/td&gt;&lt;/tr&gt; &lt;tr&gt; &lt;td&gt;50238&lt;/td&gt;&lt;td&gt;18616&lt;/td&gt;&lt;td&gt;58.802&lt;/td&gt;&lt;td&gt;195.534&lt;/td&gt;&lt;td&gt;40&lt;/td&gt;&lt;/tr&gt; &lt;tr&gt; &lt;td&gt;50239&lt;/td&gt;&lt;td&gt;18956&lt;/td&gt;&lt;td&gt;57.940&lt;/td&gt;&lt;td&gt;195.527&lt;/td&gt;&lt;td&gt;33&lt;/td&gt;&lt;/tr&gt; &lt;tr&gt;&lt;/table&gt; Total file length :   305.594 Mbytes</subfield>
    </datafield>
  </record>