
  <record>
    <datafield atag="999" ind1=" " ind2=" ">
      <subfield code="9">Marcello Maggi</subfield>
      <subfield code="c">3445064411</subfield>
      <subfield code="s">306847080</subfield>
    </datafield>
    <datafield atag="980" ind1=" " ind2=" ">
      <subfield code="a">Real Data MINI Year 1999</subfield>
    </datafield>
    <datafield atag="856" ind1="4" ind2=" ">
      <subfield code="u">irods://data.repo.cineca.it:1247/CINECA01/home/EUDAT_STAFF/Aleph_Test/ZD4002.44.AL</subfield>
      <subfield code="y">EUDAT</subfield>
    </datafield>
    <datafield atag="856" ind1="4" ind2=" ">
      <subfield code="u">rfio:/castor/cern.ch/aleph/data/ZD4002.44.AL</subfield>
      <subfield code="y">CERN</subfield>
    </datafield>
    <datafield atag="710" ind1=" " ind2=" ">
      <subfield code="g">ALEPH Collaboration</subfield>
    </datafield>
    <datafield atag="245" ind1=" " ind2=" ">
      <subfield code="9">ALEPH</subfield>
      <subfield code="a">LEP2 Data from The ALEPH Collaboration</subfield>
    </datafield>
    <datafield atag="024" ind1="7" ind2=" ">
      <subfield code="2">Handle</subfield>
      <subfield code="a">11100/bf7d775e-cbeb-11e3-881c-e41f13eb41b2
</subfield>
    </datafield>
    <datafield atag="269" ind1=" " ind2=" ">
      <subfield code="c">1999</subfield>
    </datafield>
    <datafield atag="520" ind1=" " ind2=" ">
      <subfield code="9">ALEPH</subfield>
      <subfield code="h">Run contents for this data file &lt;table border=&quot;1&quot;&gt; &lt;tr&gt; &lt;th&gt;Run #&lt;/th&gt;&lt;th&gt;Nevents&lt;/th&gt;&lt;th&gt;Length (Mb)&lt;/th&gt;&lt;th&gt;LEP energy&lt;/th&gt;&lt;th&gt;Nb of Z0s&lt;/th&gt;&lt;/tr&gt; &lt;tr&gt; &lt;td&gt;50199&lt;/td&gt;&lt;td&gt;19544&lt;/td&gt;&lt;td&gt;57.950&lt;/td&gt;&lt;td&gt;195.563&lt;/td&gt;&lt;td&gt;38&lt;/td&gt;&lt;/tr&gt; &lt;tr&gt; &lt;td&gt;50240&lt;/td&gt;&lt;td&gt;4516&lt;/td&gt;&lt;td&gt;13.047&lt;/td&gt;&lt;td&gt;195.526&lt;/td&gt;&lt;td&gt;2&lt;/td&gt;&lt;/tr&gt; &lt;tr&gt; &lt;td&gt;50243&lt;/td&gt;&lt;td&gt;14257&lt;/td&gt;&lt;td&gt;43.605&lt;/td&gt;&lt;td&gt;195.580&lt;/td&gt;&lt;td&gt;35&lt;/td&gt;&lt;/tr&gt; &lt;tr&gt; &lt;td&gt;50245&lt;/td&gt;&lt;td&gt;18725&lt;/td&gt;&lt;td&gt;56.621&lt;/td&gt;&lt;td&gt;195.626&lt;/td&gt;&lt;td&gt;28&lt;/td&gt;&lt;/tr&gt; &lt;tr&gt; &lt;td&gt;50246&lt;/td&gt;&lt;td&gt;18935&lt;/td&gt;&lt;td&gt;54.537&lt;/td&gt;&lt;td&gt;195.642&lt;/td&gt;&lt;td&gt;38&lt;/td&gt;&lt;/tr&gt; &lt;tr&gt; &lt;td&gt;50249&lt;/td&gt;&lt;td&gt;18619&lt;/td&gt;&lt;td&gt;56.432&lt;/td&gt;&lt;td&gt;195.655&lt;/td&gt;&lt;td&gt;34&lt;/td&gt;&lt;/tr&gt; &lt;tr&gt; &lt;td&gt;50250&lt;/td&gt;&lt;td&gt;18788&lt;/td&gt;&lt;td&gt;54.562&lt;/td&gt;&lt;td&gt;195.657&lt;/td&gt;&lt;td&gt;28&lt;/td&gt;&lt;/tr&gt; &lt;tr&gt;&lt;/table&gt; Total file length :   305.594 Mbytes</subfield>
    </datafield>
  </record>