
  <record>
    <datafield atag="999" ind1=" " ind2=" ">
      <subfield code="9">Marcello Maggi</subfield>
      <subfield code="c">3445064411</subfield>
      <subfield code="s">306847080</subfield>
    </datafield>
    <datafield atag="980" ind1=" " ind2=" ">
      <subfield code="a">Real Data MINI Year 1999</subfield>
    </datafield>
    <datafield atag="856" ind1="4" ind2=" ">
      <subfield code="u">irods://data.repo.cineca.it:1247/CINECA01/home/EUDAT_STAFF/Aleph_Test/ZD4002.45.AL</subfield>
      <subfield code="y">EUDAT</subfield>
    </datafield>
    <datafield atag="856" ind1="4" ind2=" ">
      <subfield code="u">rfio:/castor/cern.ch/aleph/data/ZD4002.45.AL</subfield>
      <subfield code="y">CERN</subfield>
    </datafield>
    <datafield atag="710" ind1=" " ind2=" ">
      <subfield code="g">ALEPH Collaboration</subfield>
    </datafield>
    <datafield atag="245" ind1=" " ind2=" ">
      <subfield code="9">ALEPH</subfield>
      <subfield code="a">LEP2 Data from The ALEPH Collaboration</subfield>
    </datafield>
    <datafield atag="024" ind1="7" ind2=" ">
      <subfield code="2">Handle</subfield>
      <subfield code="a">11100/ca9ea0c2-cbeb-11e3-8d7c-e41f13eb41b2
</subfield>
    </datafield>
    <datafield atag="269" ind1=" " ind2=" ">
      <subfield code="c">1999</subfield>
    </datafield>
    <datafield atag="520" ind1=" " ind2=" ">
      <subfield code="9">ALEPH</subfield>
      <subfield code="h">Run contents for this data file &lt;table border=&quot;1&quot;&gt; &lt;tr&gt; &lt;th&gt;Run #&lt;/th&gt;&lt;th&gt;Nevents&lt;/th&gt;&lt;th&gt;Length (Mb)&lt;/th&gt;&lt;th&gt;LEP energy&lt;/th&gt;&lt;th&gt;Nb of Z0s&lt;/th&gt;&lt;/tr&gt; &lt;tr&gt; &lt;td&gt;50252&lt;/td&gt;&lt;td&gt;18715&lt;/td&gt;&lt;td&gt;58.282&lt;/td&gt;&lt;td&gt;195.636&lt;/td&gt;&lt;td&gt;38&lt;/td&gt;&lt;/tr&gt; &lt;tr&gt; &lt;td&gt;50253&lt;/td&gt;&lt;td&gt;18931&lt;/td&gt;&lt;td&gt;56.209&lt;/td&gt;&lt;td&gt;195.630&lt;/td&gt;&lt;td&gt;37&lt;/td&gt;&lt;/tr&gt; &lt;tr&gt; &lt;td&gt;50254&lt;/td&gt;&lt;td&gt;4497&lt;/td&gt;&lt;td&gt;12.938&lt;/td&gt;&lt;td&gt;195.539&lt;/td&gt;&lt;td&gt;9&lt;/td&gt;&lt;/tr&gt; &lt;tr&gt; &lt;td&gt;50256&lt;/td&gt;&lt;td&gt;18719&lt;/td&gt;&lt;td&gt;56.633&lt;/td&gt;&lt;td&gt;195.596&lt;/td&gt;&lt;td&gt;33&lt;/td&gt;&lt;/tr&gt; &lt;tr&gt; &lt;td&gt;50257&lt;/td&gt;&lt;td&gt;19241&lt;/td&gt;&lt;td&gt;56.995&lt;/td&gt;&lt;td&gt;195.532&lt;/td&gt;&lt;td&gt;32&lt;/td&gt;&lt;/tr&gt; &lt;tr&gt; &lt;td&gt;50258&lt;/td&gt;&lt;td&gt;3505&lt;/td&gt;&lt;td&gt;9.688&lt;/td&gt;&lt;td&gt;195.537&lt;/td&gt;&lt;td&gt;4&lt;/td&gt;&lt;/tr&gt; &lt;tr&gt; &lt;td&gt;50260&lt;/td&gt;&lt;td&gt;18969&lt;/td&gt;&lt;td&gt;59.210&lt;/td&gt;&lt;td&gt;195.504&lt;/td&gt;&lt;td&gt;32&lt;/td&gt;&lt;/tr&gt; &lt;tr&gt;&lt;/table&gt; Total file length :   305.594 Mbytes</subfield>
    </datafield>
  </record>