
  <record>
    <datafield atag="999" ind1=" " ind2=" ">
      <subfield code="9">Marcello Maggi</subfield>
      <subfield code="c">3445064411</subfield>
      <subfield code="s">306847080</subfield>
    </datafield>
    <datafield atag="980" ind1=" " ind2=" ">
      <subfield code="a">Real Data MINI Year 1999</subfield>
    </datafield>
    <datafield atag="856" ind1="4" ind2=" ">
      <subfield code="u">irods://data.repo.cineca.it:1247/CINECA01/home/EUDAT_STAFF/Aleph_Test/ZD4002.46.AL</subfield>
      <subfield code="y">EUDAT</subfield>
    </datafield>
    <datafield atag="856" ind1="4" ind2=" ">
      <subfield code="u">rfio:/castor/cern.ch/aleph/data/ZD4002.46.AL</subfield>
      <subfield code="y">CERN</subfield>
    </datafield>
    <datafield atag="710" ind1=" " ind2=" ">
      <subfield code="g">ALEPH Collaboration</subfield>
    </datafield>
    <datafield atag="245" ind1=" " ind2=" ">
      <subfield code="9">ALEPH</subfield>
      <subfield code="a">LEP2 Data from The ALEPH Collaboration</subfield>
    </datafield>
    <datafield atag="024" ind1="7" ind2=" ">
      <subfield code="2">Handle</subfield>
      <subfield code="a">11100/d49e915e-cbeb-11e3-ad3f-e41f13eb41b2
</subfield>
    </datafield>
    <datafield atag="269" ind1=" " ind2=" ">
      <subfield code="c">1999</subfield>
    </datafield>
    <datafield atag="520" ind1=" " ind2=" ">
      <subfield code="9">ALEPH</subfield>
      <subfield code="h">Run contents for this data file &lt;table border=&quot;1&quot;&gt; &lt;tr&gt; &lt;th&gt;Run #&lt;/th&gt;&lt;th&gt;Nevents&lt;/th&gt;&lt;th&gt;Length (Mb)&lt;/th&gt;&lt;th&gt;LEP energy&lt;/th&gt;&lt;th&gt;Nb of Z0s&lt;/th&gt;&lt;/tr&gt; &lt;tr&gt; &lt;td&gt;49572&lt;/td&gt;&lt;td&gt;17575&lt;/td&gt;&lt;td&gt;45.761&lt;/td&gt;&lt;td&gt;191.601&lt;/td&gt;&lt;td&gt;33&lt;/td&gt;&lt;/tr&gt; &lt;tr&gt; &lt;td&gt;50261&lt;/td&gt;&lt;td&gt;19238&lt;/td&gt;&lt;td&gt;58.861&lt;/td&gt;&lt;td&gt;195.510&lt;/td&gt;&lt;td&gt;44&lt;/td&gt;&lt;/tr&gt; &lt;tr&gt; &lt;td&gt;50262&lt;/td&gt;&lt;td&gt;4833&lt;/td&gt;&lt;td&gt;14.290&lt;/td&gt;&lt;td&gt;195.492&lt;/td&gt;&lt;td&gt;10&lt;/td&gt;&lt;/tr&gt; &lt;tr&gt; &lt;td&gt;50266&lt;/td&gt;&lt;td&gt;18730&lt;/td&gt;&lt;td&gt;59.509&lt;/td&gt;&lt;td&gt;195.516&lt;/td&gt;&lt;td&gt;43&lt;/td&gt;&lt;/tr&gt; &lt;tr&gt; &lt;td&gt;50267&lt;/td&gt;&lt;td&gt;3516&lt;/td&gt;&lt;td&gt;10.230&lt;/td&gt;&lt;td&gt;195.742&lt;/td&gt;&lt;td&gt;4&lt;/td&gt;&lt;/tr&gt; &lt;tr&gt; &lt;td&gt;50269&lt;/td&gt;&lt;td&gt;18788&lt;/td&gt;&lt;td&gt;59.664&lt;/td&gt;&lt;td&gt;195.517&lt;/td&gt;&lt;td&gt;42&lt;/td&gt;&lt;/tr&gt; &lt;tr&gt; &lt;td&gt;50270&lt;/td&gt;&lt;td&gt;19305&lt;/td&gt;&lt;td&gt;58.789&lt;/td&gt;&lt;td&gt;195.514&lt;/td&gt;&lt;td&gt;47&lt;/td&gt;&lt;/tr&gt; &lt;tr&gt;&lt;/table&gt; Total file length :   305.594 Mbytes</subfield>
    </datafield>
  </record>