
  <record>
    <datafield atag="999" ind1=" " ind2=" ">
      <subfield code="9">Marcello Maggi</subfield>
      <subfield code="c">3445064411</subfield>
      <subfield code="s">306847080</subfield>
    </datafield>
    <datafield atag="980" ind1=" " ind2=" ">
      <subfield code="a">Real Data MINI Year 1999</subfield>
    </datafield>
    <datafield atag="856" ind1="4" ind2=" ">
      <subfield code="u">irods://data.repo.cineca.it:1247/CINECA01/home/EUDAT_STAFF/Aleph_Test/ZD4002.47.AL</subfield>
      <subfield code="y">EUDAT</subfield>
    </datafield>
    <datafield atag="856" ind1="4" ind2=" ">
      <subfield code="u">rfio:/castor/cern.ch/aleph/data/ZD4002.47.AL</subfield>
      <subfield code="y">CERN</subfield>
    </datafield>
    <datafield atag="710" ind1=" " ind2=" ">
      <subfield code="g">ALEPH Collaboration</subfield>
    </datafield>
    <datafield atag="245" ind1=" " ind2=" ">
      <subfield code="9">ALEPH</subfield>
      <subfield code="a">LEP2 Data from The ALEPH Collaboration</subfield>
    </datafield>
    <datafield atag="024" ind1="7" ind2=" ">
      <subfield code="2">Handle</subfield>
      <subfield code="a">11100/dcf4385e-cbeb-11e3-944b-e41f13eb41b2
</subfield>
    </datafield>
    <datafield atag="269" ind1=" " ind2=" ">
      <subfield code="c">1999</subfield>
    </datafield>
    <datafield atag="520" ind1=" " ind2=" ">
      <subfield code="9">ALEPH</subfield>
      <subfield code="h">Run contents for this data file &lt;table border=&quot;1&quot;&gt; &lt;tr&gt; &lt;th&gt;Run #&lt;/th&gt;&lt;th&gt;Nevents&lt;/th&gt;&lt;th&gt;Length (Mb)&lt;/th&gt;&lt;th&gt;LEP energy&lt;/th&gt;&lt;th&gt;Nb of Z0s&lt;/th&gt;&lt;/tr&gt; &lt;tr&gt; &lt;td&gt;50271&lt;/td&gt;&lt;td&gt;8235&lt;/td&gt;&lt;td&gt;24.537&lt;/td&gt;&lt;td&gt;195.488&lt;/td&gt;&lt;td&gt;18&lt;/td&gt;&lt;/tr&gt; &lt;tr&gt; &lt;td&gt;50274&lt;/td&gt;&lt;td&gt;18873&lt;/td&gt;&lt;td&gt;58.703&lt;/td&gt;&lt;td&gt;195.499&lt;/td&gt;&lt;td&gt;50&lt;/td&gt;&lt;/tr&gt; &lt;tr&gt; &lt;td&gt;50275&lt;/td&gt;&lt;td&gt;19193&lt;/td&gt;&lt;td&gt;58.569&lt;/td&gt;&lt;td&gt;195.507&lt;/td&gt;&lt;td&gt;42&lt;/td&gt;&lt;/tr&gt; &lt;tr&gt; &lt;td&gt;50276&lt;/td&gt;&lt;td&gt;4505&lt;/td&gt;&lt;td&gt;13.346&lt;/td&gt;&lt;td&gt;195.495&lt;/td&gt;&lt;td&gt;10&lt;/td&gt;&lt;/tr&gt; &lt;tr&gt; &lt;td&gt;50278&lt;/td&gt;&lt;td&gt;19076&lt;/td&gt;&lt;td&gt;58.957&lt;/td&gt;&lt;td&gt;195.487&lt;/td&gt;&lt;td&gt;34&lt;/td&gt;&lt;/tr&gt; &lt;tr&gt; &lt;td&gt;50279&lt;/td&gt;&lt;td&gt;19174&lt;/td&gt;&lt;td&gt;56.563&lt;/td&gt;&lt;td&gt;195.474&lt;/td&gt;&lt;td&gt;27&lt;/td&gt;&lt;/tr&gt; &lt;tr&gt; &lt;td&gt;50280&lt;/td&gt;&lt;td&gt;1478&lt;/td&gt;&lt;td&gt;4.522&lt;/td&gt;&lt;td&gt;195.462&lt;/td&gt;&lt;td&gt;4&lt;/td&gt;&lt;/tr&gt; &lt;tr&gt; &lt;td&gt;50286&lt;/td&gt;&lt;td&gt;18989&lt;/td&gt;&lt;td&gt;58.665&lt;/td&gt;&lt;td&gt;195.459&lt;/td&gt;&lt;td&gt;33&lt;/td&gt;&lt;/tr&gt; &lt;tr&gt;&lt;/table&gt; Total file length :   305.594 Mbytes</subfield>
    </datafield>
  </record>