
  <record>
    <datafield atag="999" ind1=" " ind2=" ">
      <subfield code="9">Marcello Maggi</subfield>
      <subfield code="c">3445064411</subfield>
      <subfield code="s">306847080</subfield>
    </datafield>
    <datafield atag="980" ind1=" " ind2=" ">
      <subfield code="a">Real Data MINI Year 1999</subfield>
    </datafield>
    <datafield atag="856" ind1="4" ind2=" ">
      <subfield code="u">irods://data.repo.cineca.it:1247/CINECA01/home/EUDAT_STAFF/Aleph_Test/ZD4002.49.AL</subfield>
      <subfield code="y">EUDAT</subfield>
    </datafield>
    <datafield atag="856" ind1="4" ind2=" ">
      <subfield code="u">rfio:/castor/cern.ch/aleph/data/ZD4002.49.AL</subfield>
      <subfield code="y">CERN</subfield>
    </datafield>
    <datafield atag="710" ind1=" " ind2=" ">
      <subfield code="g">ALEPH Collaboration</subfield>
    </datafield>
    <datafield atag="245" ind1=" " ind2=" ">
      <subfield code="9">ALEPH</subfield>
      <subfield code="a">LEP2 Data from The ALEPH Collaboration</subfield>
    </datafield>
    <datafield atag="024" ind1="7" ind2=" ">
      <subfield code="2">Handle</subfield>
      <subfield code="a">11100/edc8148e-cbeb-11e3-93ef-e41f13eb41b2
</subfield>
    </datafield>
    <datafield atag="269" ind1=" " ind2=" ">
      <subfield code="c">1999</subfield>
    </datafield>
    <datafield atag="520" ind1=" " ind2=" ">
      <subfield code="9">ALEPH</subfield>
      <subfield code="h">Run contents for this data file &lt;table border=&quot;1&quot;&gt; &lt;tr&gt; &lt;th&gt;Run #&lt;/th&gt;&lt;th&gt;Nevents&lt;/th&gt;&lt;th&gt;Length (Mb)&lt;/th&gt;&lt;th&gt;LEP energy&lt;/th&gt;&lt;th&gt;Nb of Z0s&lt;/th&gt;&lt;/tr&gt; &lt;tr&gt; &lt;td&gt;50303&lt;/td&gt;&lt;td&gt;19758&lt;/td&gt;&lt;td&gt;59.490&lt;/td&gt;&lt;td&gt;195.461&lt;/td&gt;&lt;td&gt;26&lt;/td&gt;&lt;/tr&gt; &lt;tr&gt; &lt;td&gt;50304&lt;/td&gt;&lt;td&gt;17462&lt;/td&gt;&lt;td&gt;50.642&lt;/td&gt;&lt;td&gt;195.455&lt;/td&gt;&lt;td&gt;30&lt;/td&gt;&lt;/tr&gt; &lt;tr&gt; &lt;td&gt;50305&lt;/td&gt;&lt;td&gt;4125&lt;/td&gt;&lt;td&gt;11.176&lt;/td&gt;&lt;td&gt;195.474&lt;/td&gt;&lt;td&gt;8&lt;/td&gt;&lt;/tr&gt; &lt;tr&gt; &lt;td&gt;50308&lt;/td&gt;&lt;td&gt;19078&lt;/td&gt;&lt;td&gt;60.519&lt;/td&gt;&lt;td&gt;195.428&lt;/td&gt;&lt;td&gt;39&lt;/td&gt;&lt;/tr&gt; &lt;tr&gt; &lt;td&gt;50309&lt;/td&gt;&lt;td&gt;19199&lt;/td&gt;&lt;td&gt;59.197&lt;/td&gt;&lt;td&gt;195.435&lt;/td&gt;&lt;td&gt;46&lt;/td&gt;&lt;/tr&gt; &lt;tr&gt; &lt;td&gt;50310&lt;/td&gt;&lt;td&gt;6065&lt;/td&gt;&lt;td&gt;17.720&lt;/td&gt;&lt;td&gt;195.434&lt;/td&gt;&lt;td&gt;14&lt;/td&gt;&lt;/tr&gt; &lt;tr&gt; &lt;td&gt;50313&lt;/td&gt;&lt;td&gt;19115&lt;/td&gt;&lt;td&gt;60.294&lt;/td&gt;&lt;td&gt;195.460&lt;/td&gt;&lt;td&gt;43&lt;/td&gt;&lt;/tr&gt; &lt;tr&gt;&lt;/table&gt; Total file length :   305.594 Mbytes</subfield>
    </datafield>
  </record>