
  <record>
    <datafield atag="999" ind1=" " ind2=" ">
      <subfield code="9">Marcello Maggi</subfield>
      <subfield code="c">3445064411</subfield>
      <subfield code="s">306847080</subfield>
    </datafield>
    <datafield atag="980" ind1=" " ind2=" ">
      <subfield code="a">Real Data MINI Year 1999</subfield>
    </datafield>
    <datafield atag="856" ind1="4" ind2=" ">
      <subfield code="u">irods://data.repo.cineca.it:1247/CINECA01/home/EUDAT_STAFF/Aleph_Test/ZD4002.51.AL</subfield>
      <subfield code="y">EUDAT</subfield>
    </datafield>
    <datafield atag="856" ind1="4" ind2=" ">
      <subfield code="u">rfio:/castor/cern.ch/aleph/data/ZD4002.51.AL</subfield>
      <subfield code="y">CERN</subfield>
    </datafield>
    <datafield atag="710" ind1=" " ind2=" ">
      <subfield code="g">ALEPH Collaboration</subfield>
    </datafield>
    <datafield atag="245" ind1=" " ind2=" ">
      <subfield code="9">ALEPH</subfield>
      <subfield code="a">LEP2 Data from The ALEPH Collaboration</subfield>
    </datafield>
    <datafield atag="024" ind1="7" ind2=" ">
      <subfield code="2">Handle</subfield>
      <subfield code="a">11100/049b5ac2-cbec-11e3-b0f8-e41f13eb41b2
</subfield>
    </datafield>
    <datafield atag="269" ind1=" " ind2=" ">
      <subfield code="c">1999</subfield>
    </datafield>
    <datafield atag="520" ind1=" " ind2=" ">
      <subfield code="9">ALEPH</subfield>
      <subfield code="h">Run contents for this data file &lt;table border=&quot;1&quot;&gt; &lt;tr&gt; &lt;th&gt;Run #&lt;/th&gt;&lt;th&gt;Nevents&lt;/th&gt;&lt;th&gt;Length (Mb)&lt;/th&gt;&lt;th&gt;LEP energy&lt;/th&gt;&lt;th&gt;Nb of Z0s&lt;/th&gt;&lt;/tr&gt; &lt;tr&gt; &lt;td&gt;50323&lt;/td&gt;&lt;td&gt;10568&lt;/td&gt;&lt;td&gt;30.510&lt;/td&gt;&lt;td&gt;195.557&lt;/td&gt;&lt;td&gt;20&lt;/td&gt;&lt;/tr&gt; &lt;tr&gt; &lt;td&gt;50329&lt;/td&gt;&lt;td&gt;6438&lt;/td&gt;&lt;td&gt;18.669&lt;/td&gt;&lt;td&gt;195.461&lt;/td&gt;&lt;td&gt;14&lt;/td&gt;&lt;/tr&gt; &lt;tr&gt; &lt;td&gt;50334&lt;/td&gt;&lt;td&gt;18957&lt;/td&gt;&lt;td&gt;58.891&lt;/td&gt;&lt;td&gt;195.542&lt;/td&gt;&lt;td&gt;22&lt;/td&gt;&lt;/tr&gt; &lt;tr&gt; &lt;td&gt;50335&lt;/td&gt;&lt;td&gt;19391&lt;/td&gt;&lt;td&gt;58.181&lt;/td&gt;&lt;td&gt;195.530&lt;/td&gt;&lt;td&gt;40&lt;/td&gt;&lt;/tr&gt; &lt;tr&gt; &lt;td&gt;50336&lt;/td&gt;&lt;td&gt;10310&lt;/td&gt;&lt;td&gt;30.112&lt;/td&gt;&lt;td&gt;195.530&lt;/td&gt;&lt;td&gt;15&lt;/td&gt;&lt;/tr&gt; &lt;tr&gt; &lt;td&gt;50338&lt;/td&gt;&lt;td&gt;18776&lt;/td&gt;&lt;td&gt;58.625&lt;/td&gt;&lt;td&gt;195.540&lt;/td&gt;&lt;td&gt;37&lt;/td&gt;&lt;/tr&gt; &lt;tr&gt; &lt;td&gt;50339&lt;/td&gt;&lt;td&gt;5481&lt;/td&gt;&lt;td&gt;16.810&lt;/td&gt;&lt;td&gt;195.590&lt;/td&gt;&lt;td&gt;8&lt;/td&gt;&lt;/tr&gt; &lt;tr&gt; &lt;td&gt;50343&lt;/td&gt;&lt;td&gt;19061&lt;/td&gt;&lt;td&gt;58.013&lt;/td&gt;&lt;td&gt;195.447&lt;/td&gt;&lt;td&gt;43&lt;/td&gt;&lt;/tr&gt; &lt;tr&gt;&lt;/table&gt; Total file length :   305.594 Mbytes</subfield>
    </datafield>
  </record>