
  <record>
    <datafield atag="999" ind1=" " ind2=" ">
      <subfield code="9">Marcello Maggi</subfield>
      <subfield code="c">3445064411</subfield>
      <subfield code="s">306847080</subfield>
    </datafield>
    <datafield atag="980" ind1=" " ind2=" ">
      <subfield code="a">Real Data MINI Year 1999</subfield>
    </datafield>
    <datafield atag="856" ind1="4" ind2=" ">
      <subfield code="u">irods://data.repo.cineca.it:1247/CINECA01/home/EUDAT_STAFF/Aleph_Test/ZD4002.54.AL</subfield>
      <subfield code="y">EUDAT</subfield>
    </datafield>
    <datafield atag="856" ind1="4" ind2=" ">
      <subfield code="u">rfio:/castor/cern.ch/aleph/data/ZD4002.54.AL</subfield>
      <subfield code="y">CERN</subfield>
    </datafield>
    <datafield atag="710" ind1=" " ind2=" ">
      <subfield code="g">ALEPH Collaboration</subfield>
    </datafield>
    <datafield atag="245" ind1=" " ind2=" ">
      <subfield code="9">ALEPH</subfield>
      <subfield code="a">LEP2 Data from The ALEPH Collaboration</subfield>
    </datafield>
    <datafield atag="024" ind1="7" ind2=" ">
      <subfield code="2">Handle</subfield>
      <subfield code="a">11100/25d496ea-cbec-11e3-8ba7-e41f13eb41b2
</subfield>
    </datafield>
    <datafield atag="269" ind1=" " ind2=" ">
      <subfield code="c">1999</subfield>
    </datafield>
    <datafield atag="520" ind1=" " ind2=" ">
      <subfield code="9">ALEPH</subfield>
      <subfield code="h">Run contents for this data file &lt;table border=&quot;1&quot;&gt; &lt;tr&gt; &lt;th&gt;Run #&lt;/th&gt;&lt;th&gt;Nevents&lt;/th&gt;&lt;th&gt;Length (Mb)&lt;/th&gt;&lt;th&gt;LEP energy&lt;/th&gt;&lt;th&gt;Nb of Z0s&lt;/th&gt;&lt;/tr&gt; &lt;tr&gt; &lt;td&gt;50364&lt;/td&gt;&lt;td&gt;3606&lt;/td&gt;&lt;td&gt;10.157&lt;/td&gt;&lt;td&gt;195.464&lt;/td&gt;&lt;td&gt;12&lt;/td&gt;&lt;/tr&gt; &lt;tr&gt; &lt;td&gt;50366&lt;/td&gt;&lt;td&gt;19253&lt;/td&gt;&lt;td&gt;59.401&lt;/td&gt;&lt;td&gt;195.515&lt;/td&gt;&lt;td&gt;34&lt;/td&gt;&lt;/tr&gt; &lt;tr&gt; &lt;td&gt;50367&lt;/td&gt;&lt;td&gt;19822&lt;/td&gt;&lt;td&gt;59.775&lt;/td&gt;&lt;td&gt;195.473&lt;/td&gt;&lt;td&gt;30&lt;/td&gt;&lt;/tr&gt; &lt;tr&gt; &lt;td&gt;50368&lt;/td&gt;&lt;td&gt;10264&lt;/td&gt;&lt;td&gt;30.754&lt;/td&gt;&lt;td&gt;195.489&lt;/td&gt;&lt;td&gt;25&lt;/td&gt;&lt;/tr&gt; &lt;tr&gt; &lt;td&gt;50370&lt;/td&gt;&lt;td&gt;1544&lt;/td&gt;&lt;td&gt;4.495&lt;/td&gt;&lt;td&gt;195.489&lt;/td&gt;&lt;td&gt;-1&lt;/td&gt;&lt;/tr&gt; &lt;tr&gt; &lt;td&gt;50373&lt;/td&gt;&lt;td&gt;1395&lt;/td&gt;&lt;td&gt;4.153&lt;/td&gt;&lt;td&gt;195.479&lt;/td&gt;&lt;td&gt;2&lt;/td&gt;&lt;/tr&gt; &lt;tr&gt; &lt;td&gt;50375&lt;/td&gt;&lt;td&gt;19162&lt;/td&gt;&lt;td&gt;58.120&lt;/td&gt;&lt;td&gt;195.470&lt;/td&gt;&lt;td&gt;24&lt;/td&gt;&lt;/tr&gt; &lt;tr&gt; &lt;td&gt;50376&lt;/td&gt;&lt;td&gt;19915&lt;/td&gt;&lt;td&gt;59.499&lt;/td&gt;&lt;td&gt;195.468&lt;/td&gt;&lt;td&gt;36&lt;/td&gt;&lt;/tr&gt; &lt;tr&gt; &lt;td&gt;50377&lt;/td&gt;&lt;td&gt;8417&lt;/td&gt;&lt;td&gt;24.865&lt;/td&gt;&lt;td&gt;195.464&lt;/td&gt;&lt;td&gt;21&lt;/td&gt;&lt;/tr&gt; &lt;tr&gt;&lt;/table&gt; Total file length :   305.594 Mbytes</subfield>
    </datafield>
  </record>