
  <record>
    <datafield atag="999" ind1=" " ind2=" ">
      <subfield code="9">Marcello Maggi</subfield>
      <subfield code="c">3445064411</subfield>
      <subfield code="s">306847080</subfield>
    </datafield>
    <datafield atag="980" ind1=" " ind2=" ">
      <subfield code="a">Real Data MINI Year 1999</subfield>
    </datafield>
    <datafield atag="856" ind1="4" ind2=" ">
      <subfield code="u">irods://data.repo.cineca.it:1247/CINECA01/home/EUDAT_STAFF/Aleph_Test/ZD4002.57.AL</subfield>
      <subfield code="y">EUDAT</subfield>
    </datafield>
    <datafield atag="856" ind1="4" ind2=" ">
      <subfield code="u">rfio:/castor/cern.ch/aleph/data/ZD4002.57.AL</subfield>
      <subfield code="y">CERN</subfield>
    </datafield>
    <datafield atag="710" ind1=" " ind2=" ">
      <subfield code="g">ALEPH Collaboration</subfield>
    </datafield>
    <datafield atag="245" ind1=" " ind2=" ">
      <subfield code="9">ALEPH</subfield>
      <subfield code="a">LEP2 Data from The ALEPH Collaboration</subfield>
    </datafield>
    <datafield atag="024" ind1="7" ind2=" ">
      <subfield code="2">Handle</subfield>
      <subfield code="a">11100/47e46f1c-cbec-11e3-961d-e41f13eb41b2
</subfield>
    </datafield>
    <datafield atag="269" ind1=" " ind2=" ">
      <subfield code="c">1999</subfield>
    </datafield>
    <datafield atag="520" ind1=" " ind2=" ">
      <subfield code="9">ALEPH</subfield>
      <subfield code="h">Run contents for this data file &lt;table border=&quot;1&quot;&gt; &lt;tr&gt; &lt;th&gt;Run #&lt;/th&gt;&lt;th&gt;Nevents&lt;/th&gt;&lt;th&gt;Length (Mb)&lt;/th&gt;&lt;th&gt;LEP energy&lt;/th&gt;&lt;th&gt;Nb of Z0s&lt;/th&gt;&lt;/tr&gt; &lt;tr&gt; &lt;td&gt;50411&lt;/td&gt;&lt;td&gt;2812&lt;/td&gt;&lt;td&gt;7.164&lt;/td&gt;&lt;td&gt;195.455&lt;/td&gt;&lt;td&gt;7&lt;/td&gt;&lt;/tr&gt; &lt;tr&gt; &lt;td&gt;50413&lt;/td&gt;&lt;td&gt;18359&lt;/td&gt;&lt;td&gt;52.042&lt;/td&gt;&lt;td&gt;195.469&lt;/td&gt;&lt;td&gt;30&lt;/td&gt;&lt;/tr&gt; &lt;tr&gt; &lt;td&gt;50414&lt;/td&gt;&lt;td&gt;18839&lt;/td&gt;&lt;td&gt;51.024&lt;/td&gt;&lt;td&gt;195.475&lt;/td&gt;&lt;td&gt;20&lt;/td&gt;&lt;/tr&gt; &lt;tr&gt; &lt;td&gt;50415&lt;/td&gt;&lt;td&gt;14036&lt;/td&gt;&lt;td&gt;37.889&lt;/td&gt;&lt;td&gt;195.477&lt;/td&gt;&lt;td&gt;16&lt;/td&gt;&lt;/tr&gt; &lt;tr&gt; &lt;td&gt;50418&lt;/td&gt;&lt;td&gt;18661&lt;/td&gt;&lt;td&gt;56.735&lt;/td&gt;&lt;td&gt;195.471&lt;/td&gt;&lt;td&gt;43&lt;/td&gt;&lt;/tr&gt; &lt;tr&gt; &lt;td&gt;50419&lt;/td&gt;&lt;td&gt;18972&lt;/td&gt;&lt;td&gt;54.667&lt;/td&gt;&lt;td&gt;195.472&lt;/td&gt;&lt;td&gt;29&lt;/td&gt;&lt;/tr&gt; &lt;tr&gt; &lt;td&gt;50420&lt;/td&gt;&lt;td&gt;14511&lt;/td&gt;&lt;td&gt;40.227&lt;/td&gt;&lt;td&gt;195.466&lt;/td&gt;&lt;td&gt;30&lt;/td&gt;&lt;/tr&gt; &lt;tr&gt; &lt;td&gt;50422&lt;/td&gt;&lt;td&gt;19415&lt;/td&gt;&lt;td&gt;57.922&lt;/td&gt;&lt;td&gt;195.447&lt;/td&gt;&lt;td&gt;45&lt;/td&gt;&lt;/tr&gt; &lt;tr&gt;&lt;/table&gt; Total file length :   305.594 Mbytes</subfield>
    </datafield>
  </record>