
  <record>
    <datafield atag="999" ind1=" " ind2=" ">
      <subfield code="9">Marcello Maggi</subfield>
      <subfield code="c">3445064411</subfield>
      <subfield code="s">306847080</subfield>
    </datafield>
    <datafield atag="980" ind1=" " ind2=" ">
      <subfield code="a">Real Data MINI Year 1999</subfield>
    </datafield>
    <datafield atag="856" ind1="4" ind2=" ">
      <subfield code="u">irods://data.repo.cineca.it:1247/CINECA01/home/EUDAT_STAFF/Aleph_Test/ZD4002.58.AL</subfield>
      <subfield code="y">EUDAT</subfield>
    </datafield>
    <datafield atag="856" ind1="4" ind2=" ">
      <subfield code="u">rfio:/castor/cern.ch/aleph/data/ZD4002.58.AL</subfield>
      <subfield code="y">CERN</subfield>
    </datafield>
    <datafield atag="710" ind1=" " ind2=" ">
      <subfield code="g">ALEPH Collaboration</subfield>
    </datafield>
    <datafield atag="245" ind1=" " ind2=" ">
      <subfield code="9">ALEPH</subfield>
      <subfield code="a">LEP2 Data from The ALEPH Collaboration</subfield>
    </datafield>
    <datafield atag="024" ind1="7" ind2=" ">
      <subfield code="2">Handle</subfield>
      <subfield code="a">11100/560d3aa6-cbec-11e3-ba9c-e41f13eb41b2
</subfield>
    </datafield>
    <datafield atag="269" ind1=" " ind2=" ">
      <subfield code="c">1999</subfield>
    </datafield>
    <datafield atag="520" ind1=" " ind2=" ">
      <subfield code="9">ALEPH</subfield>
      <subfield code="h">Run contents for this data file &lt;table border=&quot;1&quot;&gt; &lt;tr&gt; &lt;th&gt;Run #&lt;/th&gt;&lt;th&gt;Nevents&lt;/th&gt;&lt;th&gt;Length (Mb)&lt;/th&gt;&lt;th&gt;LEP energy&lt;/th&gt;&lt;th&gt;Nb of Z0s&lt;/th&gt;&lt;/tr&gt; &lt;tr&gt; &lt;td&gt;50423&lt;/td&gt;&lt;td&gt;19323&lt;/td&gt;&lt;td&gt;55.863&lt;/td&gt;&lt;td&gt;195.448&lt;/td&gt;&lt;td&gt;26&lt;/td&gt;&lt;/tr&gt; &lt;tr&gt; &lt;td&gt;50424&lt;/td&gt;&lt;td&gt;2541&lt;/td&gt;&lt;td&gt;6.660&lt;/td&gt;&lt;td&gt;195.446&lt;/td&gt;&lt;td&gt;2&lt;/td&gt;&lt;/tr&gt; &lt;tr&gt; &lt;td&gt;50436&lt;/td&gt;&lt;td&gt;16880&lt;/td&gt;&lt;td&gt;49.679&lt;/td&gt;&lt;td&gt;195.438&lt;/td&gt;&lt;td&gt;33&lt;/td&gt;&lt;/tr&gt; &lt;tr&gt; &lt;td&gt;50440&lt;/td&gt;&lt;td&gt;13695&lt;/td&gt;&lt;td&gt;38.890&lt;/td&gt;&lt;td&gt;195.460&lt;/td&gt;&lt;td&gt;25&lt;/td&gt;&lt;/tr&gt; &lt;tr&gt; &lt;td&gt;50442&lt;/td&gt;&lt;td&gt;18659&lt;/td&gt;&lt;td&gt;55.341&lt;/td&gt;&lt;td&gt;195.449&lt;/td&gt;&lt;td&gt;35&lt;/td&gt;&lt;/tr&gt; &lt;tr&gt; &lt;td&gt;50443&lt;/td&gt;&lt;td&gt;19100&lt;/td&gt;&lt;td&gt;54.718&lt;/td&gt;&lt;td&gt;195.451&lt;/td&gt;&lt;td&gt;32&lt;/td&gt;&lt;/tr&gt; &lt;tr&gt; &lt;td&gt;50444&lt;/td&gt;&lt;td&gt;8464&lt;/td&gt;&lt;td&gt;22.555&lt;/td&gt;&lt;td&gt;195.548&lt;/td&gt;&lt;td&gt;12&lt;/td&gt;&lt;/tr&gt; &lt;tr&gt; &lt;td&gt;50447&lt;/td&gt;&lt;td&gt;8285&lt;/td&gt;&lt;td&gt;21.778&lt;/td&gt;&lt;td&gt;195.645&lt;/td&gt;&lt;td&gt;9&lt;/td&gt;&lt;/tr&gt; &lt;tr&gt;&lt;/table&gt; Total file length :   305.594 Mbytes</subfield>
    </datafield>
  </record>