
  <record>
    <datafield atag="999" ind1=" " ind2=" ">
      <subfield code="9">Marcello Maggi</subfield>
      <subfield code="c">3445064411</subfield>
      <subfield code="s">306847080</subfield>
    </datafield>
    <datafield atag="980" ind1=" " ind2=" ">
      <subfield code="a">Real Data MINI Year 1999</subfield>
    </datafield>
    <datafield atag="856" ind1="4" ind2=" ">
      <subfield code="u">irods://data.repo.cineca.it:1247/CINECA01/home/EUDAT_STAFF/Aleph_Test/ZD4002.6.AL</subfield>
      <subfield code="y">EUDAT</subfield>
    </datafield>
    <datafield atag="856" ind1="4" ind2=" ">
      <subfield code="u">rfio:/castor/cern.ch/aleph/data/ZD4002.6.AL</subfield>
      <subfield code="y">CERN</subfield>
    </datafield>
    <datafield atag="710" ind1=" " ind2=" ">
      <subfield code="g">ALEPH Collaboration</subfield>
    </datafield>
    <datafield atag="245" ind1=" " ind2=" ">
      <subfield code="9">ALEPH</subfield>
      <subfield code="a">LEP2 Data from The ALEPH Collaboration</subfield>
    </datafield>
    <datafield atag="024" ind1="7" ind2=" ">
      <subfield code="2">Handle</subfield>
      <subfield code="a">11100/68a2b452-cbec-11e3-bad3-e41f13eb41b2
</subfield>
    </datafield>
    <datafield atag="269" ind1=" " ind2=" ">
      <subfield code="c">1999</subfield>
    </datafield>
    <datafield atag="520" ind1=" " ind2=" ">
      <subfield code="9">ALEPH</subfield>
      <subfield code="h">Run contents for this data file &lt;table border=&quot;1&quot;&gt; &lt;tr&gt; &lt;th&gt;Run #&lt;/th&gt;&lt;th&gt;Nevents&lt;/th&gt;&lt;th&gt;Length (Mb)&lt;/th&gt;&lt;th&gt;LEP energy&lt;/th&gt;&lt;th&gt;Nb of Z0s&lt;/th&gt;&lt;/tr&gt; &lt;tr&gt; &lt;td&gt;49481&lt;/td&gt;&lt;td&gt;6205&lt;/td&gt;&lt;td&gt;12.765&lt;/td&gt;&lt;td&gt;191.590&lt;/td&gt;&lt;td&gt;5&lt;/td&gt;&lt;/tr&gt; &lt;tr&gt; &lt;td&gt;49483&lt;/td&gt;&lt;td&gt;15488&lt;/td&gt;&lt;td&gt;35.862&lt;/td&gt;&lt;td&gt;191.645&lt;/td&gt;&lt;td&gt;14&lt;/td&gt;&lt;/tr&gt; &lt;tr&gt; &lt;td&gt;49484&lt;/td&gt;&lt;td&gt;16164&lt;/td&gt;&lt;td&gt;37.472&lt;/td&gt;&lt;td&gt;191.641&lt;/td&gt;&lt;td&gt;13&lt;/td&gt;&lt;/tr&gt; &lt;tr&gt; &lt;td&gt;49485&lt;/td&gt;&lt;td&gt;16841&lt;/td&gt;&lt;td&gt;37.814&lt;/td&gt;&lt;td&gt;191.649&lt;/td&gt;&lt;td&gt;12&lt;/td&gt;&lt;/tr&gt; &lt;tr&gt; &lt;td&gt;49488&lt;/td&gt;&lt;td&gt;14947&lt;/td&gt;&lt;td&gt;32.108&lt;/td&gt;&lt;td&gt;191.806&lt;/td&gt;&lt;td&gt;10&lt;/td&gt;&lt;/tr&gt; &lt;tr&gt; &lt;td&gt;49489&lt;/td&gt;&lt;td&gt;16097&lt;/td&gt;&lt;td&gt;36.468&lt;/td&gt;&lt;td&gt;191.694&lt;/td&gt;&lt;td&gt;11&lt;/td&gt;&lt;/tr&gt; &lt;tr&gt; &lt;td&gt;49490&lt;/td&gt;&lt;td&gt;16723&lt;/td&gt;&lt;td&gt;38.416&lt;/td&gt;&lt;td&gt;191.689&lt;/td&gt;&lt;td&gt;18&lt;/td&gt;&lt;/tr&gt; &lt;tr&gt; &lt;td&gt;49491&lt;/td&gt;&lt;td&gt;16357&lt;/td&gt;&lt;td&gt;36.460&lt;/td&gt;&lt;td&gt;191.637&lt;/td&gt;&lt;td&gt;14&lt;/td&gt;&lt;/tr&gt; &lt;tr&gt; &lt;td&gt;49493&lt;/td&gt;&lt;td&gt;16464&lt;/td&gt;&lt;td&gt;40.805&lt;/td&gt;&lt;td&gt;191.618&lt;/td&gt;&lt;td&gt;23&lt;/td&gt;&lt;/tr&gt; &lt;tr&gt;&lt;/table&gt; Total file length :   305.594 Mbytes</subfield>
    </datafield>
  </record>