
  <record>
    <datafield atag="999" ind1=" " ind2=" ">
      <subfield code="9">Marcello Maggi</subfield>
      <subfield code="c">3445064411</subfield>
      <subfield code="s">306847080</subfield>
    </datafield>
    <datafield atag="980" ind1=" " ind2=" ">
      <subfield code="a">Real Data MINI Year 1999</subfield>
    </datafield>
    <datafield atag="856" ind1="4" ind2=" ">
      <subfield code="u">irods://data.repo.cineca.it:1247/CINECA01/home/EUDAT_STAFF/Aleph_Test/ZD4002.60.AL</subfield>
      <subfield code="y">EUDAT</subfield>
    </datafield>
    <datafield atag="856" ind1="4" ind2=" ">
      <subfield code="u">rfio:/castor/cern.ch/aleph/data/ZD4002.60.AL</subfield>
      <subfield code="y">CERN</subfield>
    </datafield>
    <datafield atag="710" ind1=" " ind2=" ">
      <subfield code="g">ALEPH Collaboration</subfield>
    </datafield>
    <datafield atag="245" ind1=" " ind2=" ">
      <subfield code="9">ALEPH</subfield>
      <subfield code="a">LEP2 Data from The ALEPH Collaboration</subfield>
    </datafield>
    <datafield atag="024" ind1="7" ind2=" ">
      <subfield code="2">Handle</subfield>
      <subfield code="a">11100/752dfa06-cbec-11e3-ae65-e41f13eb41b2
</subfield>
    </datafield>
    <datafield atag="269" ind1=" " ind2=" ">
      <subfield code="c">1999</subfield>
    </datafield>
    <datafield atag="520" ind1=" " ind2=" ">
      <subfield code="9">ALEPH</subfield>
      <subfield code="h">Run contents for this data file &lt;table border=&quot;1&quot;&gt; &lt;tr&gt; &lt;th&gt;Run #&lt;/th&gt;&lt;th&gt;Nevents&lt;/th&gt;&lt;th&gt;Length (Mb)&lt;/th&gt;&lt;th&gt;LEP energy&lt;/th&gt;&lt;th&gt;Nb of Z0s&lt;/th&gt;&lt;/tr&gt; &lt;tr&gt; &lt;td&gt;50489&lt;/td&gt;&lt;td&gt;7807&lt;/td&gt;&lt;td&gt;21.329&lt;/td&gt;&lt;td&gt;195.452&lt;/td&gt;&lt;td&gt;11&lt;/td&gt;&lt;/tr&gt; &lt;tr&gt; &lt;td&gt;50491&lt;/td&gt;&lt;td&gt;19009&lt;/td&gt;&lt;td&gt;55.287&lt;/td&gt;&lt;td&gt;195.461&lt;/td&gt;&lt;td&gt;40&lt;/td&gt;&lt;/tr&gt; &lt;tr&gt; &lt;td&gt;50492&lt;/td&gt;&lt;td&gt;18866&lt;/td&gt;&lt;td&gt;54.091&lt;/td&gt;&lt;td&gt;195.449&lt;/td&gt;&lt;td&gt;35&lt;/td&gt;&lt;/tr&gt; &lt;tr&gt; &lt;td&gt;50494&lt;/td&gt;&lt;td&gt;5834&lt;/td&gt;&lt;td&gt;15.674&lt;/td&gt;&lt;td&gt;195.433&lt;/td&gt;&lt;td&gt;11&lt;/td&gt;&lt;/tr&gt; &lt;tr&gt; &lt;td&gt;50496&lt;/td&gt;&lt;td&gt;18491&lt;/td&gt;&lt;td&gt;55.810&lt;/td&gt;&lt;td&gt;195.429&lt;/td&gt;&lt;td&gt;41&lt;/td&gt;&lt;/tr&gt; &lt;tr&gt; &lt;td&gt;50497&lt;/td&gt;&lt;td&gt;18979&lt;/td&gt;&lt;td&gt;57.813&lt;/td&gt;&lt;td&gt;195.435&lt;/td&gt;&lt;td&gt;25&lt;/td&gt;&lt;/tr&gt; &lt;tr&gt; &lt;td&gt;50498&lt;/td&gt;&lt;td&gt;3567&lt;/td&gt;&lt;td&gt;10.201&lt;/td&gt;&lt;td&gt;195.438&lt;/td&gt;&lt;td&gt;4&lt;/td&gt;&lt;/tr&gt; &lt;tr&gt; &lt;td&gt;50502&lt;/td&gt;&lt;td&gt;18949&lt;/td&gt;&lt;td&gt;55.066&lt;/td&gt;&lt;td&gt;195.526&lt;/td&gt;&lt;td&gt;27&lt;/td&gt;&lt;/tr&gt; &lt;tr&gt;&lt;/table&gt; Total file length :   305.594 Mbytes</subfield>
    </datafield>
  </record>