
  <record>
    <datafield atag="999" ind1=" " ind2=" ">
      <subfield code="9">Marcello Maggi</subfield>
      <subfield code="c">3445064411</subfield>
      <subfield code="s">306847080</subfield>
    </datafield>
    <datafield atag="980" ind1=" " ind2=" ">
      <subfield code="a">Real Data MINI Year 1999</subfield>
    </datafield>
    <datafield atag="856" ind1="4" ind2=" ">
      <subfield code="u">irods://data.repo.cineca.it:1247/CINECA01/home/EUDAT_STAFF/Aleph_Test/ZD4002.61.AL</subfield>
      <subfield code="y">EUDAT</subfield>
    </datafield>
    <datafield atag="856" ind1="4" ind2=" ">
      <subfield code="u">rfio:/castor/cern.ch/aleph/data/ZD4002.61.AL</subfield>
      <subfield code="y">CERN</subfield>
    </datafield>
    <datafield atag="710" ind1=" " ind2=" ">
      <subfield code="g">ALEPH Collaboration</subfield>
    </datafield>
    <datafield atag="245" ind1=" " ind2=" ">
      <subfield code="9">ALEPH</subfield>
      <subfield code="a">LEP2 Data from The ALEPH Collaboration</subfield>
    </datafield>
    <datafield atag="024" ind1="7" ind2=" ">
      <subfield code="2">Handle</subfield>
      <subfield code="a">11100/81419dde-cbec-11e3-b74d-e41f13eb41b2
</subfield>
    </datafield>
    <datafield atag="269" ind1=" " ind2=" ">
      <subfield code="c">1999</subfield>
    </datafield>
    <datafield atag="520" ind1=" " ind2=" ">
      <subfield code="9">ALEPH</subfield>
      <subfield code="h">Run contents for this data file &lt;table border=&quot;1&quot;&gt; &lt;tr&gt; &lt;th&gt;Run #&lt;/th&gt;&lt;th&gt;Nevents&lt;/th&gt;&lt;th&gt;Length (Mb)&lt;/th&gt;&lt;th&gt;LEP energy&lt;/th&gt;&lt;th&gt;Nb of Z0s&lt;/th&gt;&lt;/tr&gt; &lt;tr&gt; &lt;td&gt;50503&lt;/td&gt;&lt;td&gt;19277&lt;/td&gt;&lt;td&gt;54.676&lt;/td&gt;&lt;td&gt;195.523&lt;/td&gt;&lt;td&gt;40&lt;/td&gt;&lt;/tr&gt; &lt;tr&gt; &lt;td&gt;50504&lt;/td&gt;&lt;td&gt;2887&lt;/td&gt;&lt;td&gt;8.207&lt;/td&gt;&lt;td&gt;195.523&lt;/td&gt;&lt;td&gt;7&lt;/td&gt;&lt;/tr&gt; &lt;tr&gt; &lt;td&gt;50506&lt;/td&gt;&lt;td&gt;15720&lt;/td&gt;&lt;td&gt;46.659&lt;/td&gt;&lt;td&gt;195.457&lt;/td&gt;&lt;td&gt;21&lt;/td&gt;&lt;/tr&gt; &lt;tr&gt; &lt;td&gt;50508&lt;/td&gt;&lt;td&gt;18898&lt;/td&gt;&lt;td&gt;56.029&lt;/td&gt;&lt;td&gt;195.471&lt;/td&gt;&lt;td&gt;31&lt;/td&gt;&lt;/tr&gt; &lt;tr&gt; &lt;td&gt;50509&lt;/td&gt;&lt;td&gt;18919&lt;/td&gt;&lt;td&gt;55.196&lt;/td&gt;&lt;td&gt;195.471&lt;/td&gt;&lt;td&gt;26&lt;/td&gt;&lt;/tr&gt; &lt;tr&gt; &lt;td&gt;50510&lt;/td&gt;&lt;td&gt;6344&lt;/td&gt;&lt;td&gt;18.074&lt;/td&gt;&lt;td&gt;195.461&lt;/td&gt;&lt;td&gt;8&lt;/td&gt;&lt;/tr&gt; &lt;tr&gt; &lt;td&gt;50512&lt;/td&gt;&lt;td&gt;19079&lt;/td&gt;&lt;td&gt;55.658&lt;/td&gt;&lt;td&gt;195.467&lt;/td&gt;&lt;td&gt;40&lt;/td&gt;&lt;/tr&gt; &lt;tr&gt; &lt;td&gt;50513&lt;/td&gt;&lt;td&gt;19960&lt;/td&gt;&lt;td&gt;55.618&lt;/td&gt;&lt;td&gt;195.450&lt;/td&gt;&lt;td&gt;39&lt;/td&gt;&lt;/tr&gt; &lt;tr&gt;&lt;/table&gt; Total file length :   305.594 Mbytes</subfield>
    </datafield>
  </record>