
  <record>
    <datafield atag="999" ind1=" " ind2=" ">
      <subfield code="9">Marcello Maggi</subfield>
      <subfield code="c">3445064411</subfield>
      <subfield code="s">306847080</subfield>
    </datafield>
    <datafield atag="980" ind1=" " ind2=" ">
      <subfield code="a">Real Data MINI Year 1999</subfield>
    </datafield>
    <datafield atag="856" ind1="4" ind2=" ">
      <subfield code="u">irods://data.repo.cineca.it:1247/CINECA01/home/EUDAT_STAFF/Aleph_Test/ZD4002.62.AL</subfield>
      <subfield code="y">EUDAT</subfield>
    </datafield>
    <datafield atag="856" ind1="4" ind2=" ">
      <subfield code="u">rfio:/castor/cern.ch/aleph/data/ZD4002.62.AL</subfield>
      <subfield code="y">CERN</subfield>
    </datafield>
    <datafield atag="710" ind1=" " ind2=" ">
      <subfield code="g">ALEPH Collaboration</subfield>
    </datafield>
    <datafield atag="245" ind1=" " ind2=" ">
      <subfield code="9">ALEPH</subfield>
      <subfield code="a">LEP2 Data from The ALEPH Collaboration</subfield>
    </datafield>
    <datafield atag="024" ind1="7" ind2=" ">
      <subfield code="2">Handle</subfield>
      <subfield code="a">11100/8a9248ca-cbec-11e3-a4e8-e41f13eb41b2
</subfield>
    </datafield>
    <datafield atag="269" ind1=" " ind2=" ">
      <subfield code="c">1999</subfield>
    </datafield>
    <datafield atag="520" ind1=" " ind2=" ">
      <subfield code="9">ALEPH</subfield>
      <subfield code="h">Run contents for this data file &lt;table border=&quot;1&quot;&gt; &lt;tr&gt; &lt;th&gt;Run #&lt;/th&gt;&lt;th&gt;Nevents&lt;/th&gt;&lt;th&gt;Length (Mb)&lt;/th&gt;&lt;th&gt;LEP energy&lt;/th&gt;&lt;th&gt;Nb of Z0s&lt;/th&gt;&lt;/tr&gt; &lt;tr&gt; &lt;td&gt;50515&lt;/td&gt;&lt;td&gt;19119&lt;/td&gt;&lt;td&gt;57.180&lt;/td&gt;&lt;td&gt;195.441&lt;/td&gt;&lt;td&gt;44&lt;/td&gt;&lt;/tr&gt; &lt;tr&gt; &lt;td&gt;50516&lt;/td&gt;&lt;td&gt;19510&lt;/td&gt;&lt;td&gt;58.196&lt;/td&gt;&lt;td&gt;195.441&lt;/td&gt;&lt;td&gt;41&lt;/td&gt;&lt;/tr&gt; &lt;tr&gt; &lt;td&gt;50517&lt;/td&gt;&lt;td&gt;3367&lt;/td&gt;&lt;td&gt;9.308&lt;/td&gt;&lt;td&gt;195.440&lt;/td&gt;&lt;td&gt;7&lt;/td&gt;&lt;/tr&gt; &lt;tr&gt; &lt;td&gt;50519&lt;/td&gt;&lt;td&gt;20042&lt;/td&gt;&lt;td&gt;55.401&lt;/td&gt;&lt;td&gt;195.453&lt;/td&gt;&lt;td&gt;29&lt;/td&gt;&lt;/tr&gt; &lt;tr&gt; &lt;td&gt;50520&lt;/td&gt;&lt;td&gt;12086&lt;/td&gt;&lt;td&gt;33.174&lt;/td&gt;&lt;td&gt;195.466&lt;/td&gt;&lt;td&gt;20&lt;/td&gt;&lt;/tr&gt; &lt;tr&gt; &lt;td&gt;50522&lt;/td&gt;&lt;td&gt;11120&lt;/td&gt;&lt;td&gt;33.046&lt;/td&gt;&lt;td&gt;195.482&lt;/td&gt;&lt;td&gt;16&lt;/td&gt;&lt;/tr&gt; &lt;tr&gt; &lt;td&gt;50525&lt;/td&gt;&lt;td&gt;19121&lt;/td&gt;&lt;td&gt;55.463&lt;/td&gt;&lt;td&gt;195.467&lt;/td&gt;&lt;td&gt;43&lt;/td&gt;&lt;/tr&gt; &lt;tr&gt; &lt;td&gt;50526&lt;/td&gt;&lt;td&gt;19419&lt;/td&gt;&lt;td&gt;55.508&lt;/td&gt;&lt;td&gt;195.448&lt;/td&gt;&lt;td&gt;44&lt;/td&gt;&lt;/tr&gt; &lt;tr&gt;&lt;/table&gt; Total file length :   305.594 Mbytes</subfield>
    </datafield>
  </record>