
  <record>
    <datafield atag="999" ind1=" " ind2=" ">
      <subfield code="9">Marcello Maggi</subfield>
      <subfield code="c">3445064411</subfield>
      <subfield code="s">306847080</subfield>
    </datafield>
    <datafield atag="980" ind1=" " ind2=" ">
      <subfield code="a">Real Data MINI Year 1999</subfield>
    </datafield>
    <datafield atag="856" ind1="4" ind2=" ">
      <subfield code="u">irods://data.repo.cineca.it:1247/CINECA01/home/EUDAT_STAFF/Aleph_Test/ZD4002.63.AL</subfield>
      <subfield code="y">EUDAT</subfield>
    </datafield>
    <datafield atag="856" ind1="4" ind2=" ">
      <subfield code="u">rfio:/castor/cern.ch/aleph/data/ZD4002.63.AL</subfield>
      <subfield code="y">CERN</subfield>
    </datafield>
    <datafield atag="710" ind1=" " ind2=" ">
      <subfield code="g">ALEPH Collaboration</subfield>
    </datafield>
    <datafield atag="245" ind1=" " ind2=" ">
      <subfield code="9">ALEPH</subfield>
      <subfield code="a">LEP2 Data from The ALEPH Collaboration</subfield>
    </datafield>
    <datafield atag="024" ind1="7" ind2=" ">
      <subfield code="2">Handle</subfield>
      <subfield code="a">11100/95b01a0c-cbec-11e3-a705-e41f13eb41b2
</subfield>
    </datafield>
    <datafield atag="269" ind1=" " ind2=" ">
      <subfield code="c">1999</subfield>
    </datafield>
    <datafield atag="520" ind1=" " ind2=" ">
      <subfield code="9">ALEPH</subfield>
      <subfield code="h">Run contents for this data file &lt;table border=&quot;1&quot;&gt; &lt;tr&gt; &lt;th&gt;Run #&lt;/th&gt;&lt;th&gt;Nevents&lt;/th&gt;&lt;th&gt;Length (Mb)&lt;/th&gt;&lt;th&gt;LEP energy&lt;/th&gt;&lt;th&gt;Nb of Z0s&lt;/th&gt;&lt;/tr&gt; &lt;tr&gt; &lt;td&gt;50528&lt;/td&gt;&lt;td&gt;19006&lt;/td&gt;&lt;td&gt;54.873&lt;/td&gt;&lt;td&gt;195.466&lt;/td&gt;&lt;td&gt;36&lt;/td&gt;&lt;/tr&gt; &lt;tr&gt; &lt;td&gt;50529&lt;/td&gt;&lt;td&gt;6715&lt;/td&gt;&lt;td&gt;17.947&lt;/td&gt;&lt;td&gt;195.461&lt;/td&gt;&lt;td&gt;16&lt;/td&gt;&lt;/tr&gt; &lt;tr&gt; &lt;td&gt;50531&lt;/td&gt;&lt;td&gt;18704&lt;/td&gt;&lt;td&gt;54.233&lt;/td&gt;&lt;td&gt;195.480&lt;/td&gt;&lt;td&gt;39&lt;/td&gt;&lt;/tr&gt; &lt;tr&gt; &lt;td&gt;50532&lt;/td&gt;&lt;td&gt;18971&lt;/td&gt;&lt;td&gt;53.969&lt;/td&gt;&lt;td&gt;195.512&lt;/td&gt;&lt;td&gt;33&lt;/td&gt;&lt;/tr&gt; &lt;tr&gt; &lt;td&gt;50533&lt;/td&gt;&lt;td&gt;2381&lt;/td&gt;&lt;td&gt;6.749&lt;/td&gt;&lt;td&gt;195.436&lt;/td&gt;&lt;td&gt;1&lt;/td&gt;&lt;/tr&gt; &lt;tr&gt; &lt;td&gt;50538&lt;/td&gt;&lt;td&gt;19427&lt;/td&gt;&lt;td&gt;60.302&lt;/td&gt;&lt;td&gt;195.447&lt;/td&gt;&lt;td&gt;31&lt;/td&gt;&lt;/tr&gt; &lt;tr&gt; &lt;td&gt;50539&lt;/td&gt;&lt;td&gt;19744&lt;/td&gt;&lt;td&gt;59.554&lt;/td&gt;&lt;td&gt;195.445&lt;/td&gt;&lt;td&gt;39&lt;/td&gt;&lt;/tr&gt; &lt;tr&gt;&lt;/table&gt; Total file length :   305.594 Mbytes</subfield>
    </datafield>
  </record>