
  <record>
    <datafield atag="999" ind1=" " ind2=" ">
      <subfield code="9">Marcello Maggi</subfield>
      <subfield code="c">3445064411</subfield>
      <subfield code="s">306847080</subfield>
    </datafield>
    <datafield atag="980" ind1=" " ind2=" ">
      <subfield code="a">Real Data MINI Year 1999</subfield>
    </datafield>
    <datafield atag="856" ind1="4" ind2=" ">
      <subfield code="u">irods://data.repo.cineca.it:1247/CINECA01/home/EUDAT_STAFF/Aleph_Test/ZD4002.65.AL</subfield>
      <subfield code="y">EUDAT</subfield>
    </datafield>
    <datafield atag="856" ind1="4" ind2=" ">
      <subfield code="u">rfio:/castor/cern.ch/aleph/data/ZD4002.65.AL</subfield>
      <subfield code="y">CERN</subfield>
    </datafield>
    <datafield atag="710" ind1=" " ind2=" ">
      <subfield code="g">ALEPH Collaboration</subfield>
    </datafield>
    <datafield atag="245" ind1=" " ind2=" ">
      <subfield code="9">ALEPH</subfield>
      <subfield code="a">LEP2 Data from The ALEPH Collaboration</subfield>
    </datafield>
    <datafield atag="024" ind1="7" ind2=" ">
      <subfield code="2">Handle</subfield>
      <subfield code="a">11100/a5f0da82-cbec-11e3-bc81-e41f13eb41b2
</subfield>
    </datafield>
    <datafield atag="269" ind1=" " ind2=" ">
      <subfield code="c">1999</subfield>
    </datafield>
    <datafield atag="520" ind1=" " ind2=" ">
      <subfield code="9">ALEPH</subfield>
      <subfield code="h">Run contents for this data file &lt;table border=&quot;1&quot;&gt; &lt;tr&gt; &lt;th&gt;Run #&lt;/th&gt;&lt;th&gt;Nevents&lt;/th&gt;&lt;th&gt;Length (Mb)&lt;/th&gt;&lt;th&gt;LEP energy&lt;/th&gt;&lt;th&gt;Nb of Z0s&lt;/th&gt;&lt;/tr&gt; &lt;tr&gt; &lt;td&gt;50551&lt;/td&gt;&lt;td&gt;8307&lt;/td&gt;&lt;td&gt;24.674&lt;/td&gt;&lt;td&gt;195.454&lt;/td&gt;&lt;td&gt;12&lt;/td&gt;&lt;/tr&gt; &lt;tr&gt; &lt;td&gt;50554&lt;/td&gt;&lt;td&gt;17337&lt;/td&gt;&lt;td&gt;50.897&lt;/td&gt;&lt;td&gt;195.430&lt;/td&gt;&lt;td&gt;25&lt;/td&gt;&lt;/tr&gt; &lt;tr&gt; &lt;td&gt;50557&lt;/td&gt;&lt;td&gt;18983&lt;/td&gt;&lt;td&gt;56.719&lt;/td&gt;&lt;td&gt;195.442&lt;/td&gt;&lt;td&gt;48&lt;/td&gt;&lt;/tr&gt; &lt;tr&gt; &lt;td&gt;50558&lt;/td&gt;&lt;td&gt;19989&lt;/td&gt;&lt;td&gt;57.992&lt;/td&gt;&lt;td&gt;195.446&lt;/td&gt;&lt;td&gt;33&lt;/td&gt;&lt;/tr&gt; &lt;tr&gt; &lt;td&gt;50559&lt;/td&gt;&lt;td&gt;4358&lt;/td&gt;&lt;td&gt;12.464&lt;/td&gt;&lt;td&gt;195.445&lt;/td&gt;&lt;td&gt;7&lt;/td&gt;&lt;/tr&gt; &lt;tr&gt; &lt;td&gt;50563&lt;/td&gt;&lt;td&gt;7498&lt;/td&gt;&lt;td&gt;22.321&lt;/td&gt;&lt;td&gt;195.448&lt;/td&gt;&lt;td&gt;12&lt;/td&gt;&lt;/tr&gt; &lt;tr&gt; &lt;td&gt;50564&lt;/td&gt;&lt;td&gt;19287&lt;/td&gt;&lt;td&gt;56.634&lt;/td&gt;&lt;td&gt;195.446&lt;/td&gt;&lt;td&gt;36&lt;/td&gt;&lt;/tr&gt; &lt;tr&gt; &lt;td&gt;50565&lt;/td&gt;&lt;td&gt;7038&lt;/td&gt;&lt;td&gt;19.851&lt;/td&gt;&lt;td&gt;195.452&lt;/td&gt;&lt;td&gt;14&lt;/td&gt;&lt;/tr&gt; &lt;tr&gt; &lt;td&gt;50568&lt;/td&gt;&lt;td&gt;19437&lt;/td&gt;&lt;td&gt;58.361&lt;/td&gt;&lt;td&gt;195.471&lt;/td&gt;&lt;td&gt;32&lt;/td&gt;&lt;/tr&gt; &lt;tr&gt;&lt;/table&gt; Total file length :   305.594 Mbytes</subfield>
    </datafield>
  </record>