
  <record>
    <datafield atag="999" ind1=" " ind2=" ">
      <subfield code="9">Marcello Maggi</subfield>
      <subfield code="c">3445064411</subfield>
      <subfield code="s">306847080</subfield>
    </datafield>
    <datafield atag="980" ind1=" " ind2=" ">
      <subfield code="a">Real Data MINI Year 1999</subfield>
    </datafield>
    <datafield atag="856" ind1="4" ind2=" ">
      <subfield code="u">irods://data.repo.cineca.it:1247/CINECA01/home/EUDAT_STAFF/Aleph_Test/ZD4002.66.AL</subfield>
      <subfield code="y">EUDAT</subfield>
    </datafield>
    <datafield atag="856" ind1="4" ind2=" ">
      <subfield code="u">rfio:/castor/cern.ch/aleph/data/ZD4002.66.AL</subfield>
      <subfield code="y">CERN</subfield>
    </datafield>
    <datafield atag="710" ind1=" " ind2=" ">
      <subfield code="g">ALEPH Collaboration</subfield>
    </datafield>
    <datafield atag="245" ind1=" " ind2=" ">
      <subfield code="9">ALEPH</subfield>
      <subfield code="a">LEP2 Data from The ALEPH Collaboration</subfield>
    </datafield>
    <datafield atag="024" ind1="7" ind2=" ">
      <subfield code="2">Handle</subfield>
      <subfield code="a">11100/b13e17a6-cbec-11e3-b60d-e41f13eb41b2
</subfield>
    </datafield>
    <datafield atag="269" ind1=" " ind2=" ">
      <subfield code="c">1999</subfield>
    </datafield>
    <datafield atag="520" ind1=" " ind2=" ">
      <subfield code="9">ALEPH</subfield>
      <subfield code="h">Run contents for this data file &lt;table border=&quot;1&quot;&gt; &lt;tr&gt; &lt;th&gt;Run #&lt;/th&gt;&lt;th&gt;Nevents&lt;/th&gt;&lt;th&gt;Length (Mb)&lt;/th&gt;&lt;th&gt;LEP energy&lt;/th&gt;&lt;th&gt;Nb of Z0s&lt;/th&gt;&lt;/tr&gt; &lt;tr&gt; &lt;td&gt;50569&lt;/td&gt;&lt;td&gt;19484&lt;/td&gt;&lt;td&gt;56.472&lt;/td&gt;&lt;td&gt;195.469&lt;/td&gt;&lt;td&gt;32&lt;/td&gt;&lt;/tr&gt; &lt;tr&gt; &lt;td&gt;50570&lt;/td&gt;&lt;td&gt;15902&lt;/td&gt;&lt;td&gt;41.963&lt;/td&gt;&lt;td&gt;195.475&lt;/td&gt;&lt;td&gt;23&lt;/td&gt;&lt;/tr&gt; &lt;tr&gt; &lt;td&gt;50571&lt;/td&gt;&lt;td&gt;583&lt;/td&gt;&lt;td&gt;1.517&lt;/td&gt;&lt;td&gt;195.521&lt;/td&gt;&lt;td&gt;1&lt;/td&gt;&lt;/tr&gt; &lt;tr&gt; &lt;td&gt;50600&lt;/td&gt;&lt;td&gt;16185&lt;/td&gt;&lt;td&gt;47.895&lt;/td&gt;&lt;td&gt;195.426&lt;/td&gt;&lt;td&gt;19&lt;/td&gt;&lt;/tr&gt; &lt;tr&gt; &lt;td&gt;50603&lt;/td&gt;&lt;td&gt;18852&lt;/td&gt;&lt;td&gt;57.938&lt;/td&gt;&lt;td&gt;195.438&lt;/td&gt;&lt;td&gt;49&lt;/td&gt;&lt;/tr&gt; &lt;tr&gt; &lt;td&gt;50604&lt;/td&gt;&lt;td&gt;19238&lt;/td&gt;&lt;td&gt;56.148&lt;/td&gt;&lt;td&gt;195.439&lt;/td&gt;&lt;td&gt;33&lt;/td&gt;&lt;/tr&gt; &lt;tr&gt; &lt;td&gt;50605&lt;/td&gt;&lt;td&gt;7007&lt;/td&gt;&lt;td&gt;18.898&lt;/td&gt;&lt;td&gt;195.445&lt;/td&gt;&lt;td&gt;7&lt;/td&gt;&lt;/tr&gt; &lt;tr&gt; &lt;td&gt;50608&lt;/td&gt;&lt;td&gt;19051&lt;/td&gt;&lt;td&gt;55.644&lt;/td&gt;&lt;td&gt;195.511&lt;/td&gt;&lt;td&gt;37&lt;/td&gt;&lt;/tr&gt; &lt;tr&gt;&lt;/table&gt; Total file length :   305.594 Mbytes</subfield>
    </datafield>
  </record>