
  <record>
    <datafield atag="999" ind1=" " ind2=" ">
      <subfield code="9">Marcello Maggi</subfield>
      <subfield code="c">3445064411</subfield>
      <subfield code="s">306847080</subfield>
    </datafield>
    <datafield atag="980" ind1=" " ind2=" ">
      <subfield code="a">Real Data MINI Year 1999</subfield>
    </datafield>
    <datafield atag="856" ind1="4" ind2=" ">
      <subfield code="u">irods://data.repo.cineca.it:1247/CINECA01/home/EUDAT_STAFF/Aleph_Test/ZD4002.69.AL</subfield>
      <subfield code="y">EUDAT</subfield>
    </datafield>
    <datafield atag="856" ind1="4" ind2=" ">
      <subfield code="u">rfio:/castor/cern.ch/aleph/data/ZD4002.69.AL</subfield>
      <subfield code="y">CERN</subfield>
    </datafield>
    <datafield atag="710" ind1=" " ind2=" ">
      <subfield code="g">ALEPH Collaboration</subfield>
    </datafield>
    <datafield atag="245" ind1=" " ind2=" ">
      <subfield code="9">ALEPH</subfield>
      <subfield code="a">LEP2 Data from The ALEPH Collaboration</subfield>
    </datafield>
    <datafield atag="024" ind1="7" ind2=" ">
      <subfield code="2">Handle</subfield>
      <subfield code="a">11100/d37579cc-cbec-11e3-94dc-e41f13eb41b2
</subfield>
    </datafield>
    <datafield atag="269" ind1=" " ind2=" ">
      <subfield code="c">1999</subfield>
    </datafield>
    <datafield atag="520" ind1=" " ind2=" ">
      <subfield code="9">ALEPH</subfield>
      <subfield code="h">Run contents for this data file &lt;table border=&quot;1&quot;&gt; &lt;tr&gt; &lt;th&gt;Run #&lt;/th&gt;&lt;th&gt;Nevents&lt;/th&gt;&lt;th&gt;Length (Mb)&lt;/th&gt;&lt;th&gt;LEP energy&lt;/th&gt;&lt;th&gt;Nb of Z0s&lt;/th&gt;&lt;/tr&gt; &lt;tr&gt; &lt;td&gt;50636&lt;/td&gt;&lt;td&gt;19840&lt;/td&gt;&lt;td&gt;56.732&lt;/td&gt;&lt;td&gt;195.434&lt;/td&gt;&lt;td&gt;29&lt;/td&gt;&lt;/tr&gt; &lt;tr&gt; &lt;td&gt;50637&lt;/td&gt;&lt;td&gt;13698&lt;/td&gt;&lt;td&gt;36.954&lt;/td&gt;&lt;td&gt;195.440&lt;/td&gt;&lt;td&gt;21&lt;/td&gt;&lt;/tr&gt; &lt;tr&gt; &lt;td&gt;50639&lt;/td&gt;&lt;td&gt;19401&lt;/td&gt;&lt;td&gt;57.482&lt;/td&gt;&lt;td&gt;195.468&lt;/td&gt;&lt;td&gt;44&lt;/td&gt;&lt;/tr&gt; &lt;tr&gt; &lt;td&gt;50640&lt;/td&gt;&lt;td&gt;19377&lt;/td&gt;&lt;td&gt;57.007&lt;/td&gt;&lt;td&gt;195.461&lt;/td&gt;&lt;td&gt;36&lt;/td&gt;&lt;/tr&gt; &lt;tr&gt; &lt;td&gt;50641&lt;/td&gt;&lt;td&gt;981&lt;/td&gt;&lt;td&gt;2.697&lt;/td&gt;&lt;td&gt;195.457&lt;/td&gt;&lt;td&gt;1&lt;/td&gt;&lt;/tr&gt; &lt;tr&gt; &lt;td&gt;50643&lt;/td&gt;&lt;td&gt;19008&lt;/td&gt;&lt;td&gt;58.245&lt;/td&gt;&lt;td&gt;195.438&lt;/td&gt;&lt;td&gt;42&lt;/td&gt;&lt;/tr&gt; &lt;tr&gt; &lt;td&gt;50644&lt;/td&gt;&lt;td&gt;19173&lt;/td&gt;&lt;td&gt;56.726&lt;/td&gt;&lt;td&gt;195.435&lt;/td&gt;&lt;td&gt;30&lt;/td&gt;&lt;/tr&gt; &lt;tr&gt;&lt;/table&gt; Total file length :   305.594 Mbytes</subfield>
    </datafield>
  </record>