
  <record>
    <datafield atag="999" ind1=" " ind2=" ">
      <subfield code="9">Marcello Maggi</subfield>
      <subfield code="c">3445064411</subfield>
      <subfield code="s">306847080</subfield>
    </datafield>
    <datafield atag="980" ind1=" " ind2=" ">
      <subfield code="a">Real Data MINI Year 1999</subfield>
    </datafield>
    <datafield atag="856" ind1="4" ind2=" ">
      <subfield code="u">irods://data.repo.cineca.it:1247/CINECA01/home/EUDAT_STAFF/Aleph_Test/ZD4002.7.AL</subfield>
      <subfield code="y">EUDAT</subfield>
    </datafield>
    <datafield atag="856" ind1="4" ind2=" ">
      <subfield code="u">rfio:/castor/cern.ch/aleph/data/ZD4002.7.AL</subfield>
      <subfield code="y">CERN</subfield>
    </datafield>
    <datafield atag="710" ind1=" " ind2=" ">
      <subfield code="g">ALEPH Collaboration</subfield>
    </datafield>
    <datafield atag="245" ind1=" " ind2=" ">
      <subfield code="9">ALEPH</subfield>
      <subfield code="a">LEP2 Data from The ALEPH Collaboration</subfield>
    </datafield>
    <datafield atag="024" ind1="7" ind2=" ">
      <subfield code="2">Handle</subfield>
      <subfield code="a">11100/daaf6f72-cbec-11e3-9535-e41f13eb41b2
</subfield>
    </datafield>
    <datafield atag="269" ind1=" " ind2=" ">
      <subfield code="c">1999</subfield>
    </datafield>
    <datafield atag="520" ind1=" " ind2=" ">
      <subfield code="9">ALEPH</subfield>
      <subfield code="h">Run contents for this data file &lt;table border=&quot;1&quot;&gt; &lt;tr&gt; &lt;th&gt;Run #&lt;/th&gt;&lt;th&gt;Nevents&lt;/th&gt;&lt;th&gt;Length (Mb)&lt;/th&gt;&lt;th&gt;LEP energy&lt;/th&gt;&lt;th&gt;Nb of Z0s&lt;/th&gt;&lt;/tr&gt; &lt;tr&gt; &lt;td&gt;49494&lt;/td&gt;&lt;td&gt;17250&lt;/td&gt;&lt;td&gt;42.539&lt;/td&gt;&lt;td&gt;191.609&lt;/td&gt;&lt;td&gt;18&lt;/td&gt;&lt;/tr&gt; &lt;tr&gt; &lt;td&gt;49495&lt;/td&gt;&lt;td&gt;3289&lt;/td&gt;&lt;td&gt;7.848&lt;/td&gt;&lt;td&gt;191.608&lt;/td&gt;&lt;td&gt;6&lt;/td&gt;&lt;/tr&gt; &lt;tr&gt; &lt;td&gt;49497&lt;/td&gt;&lt;td&gt;16447&lt;/td&gt;&lt;td&gt;41.233&lt;/td&gt;&lt;td&gt;191.621&lt;/td&gt;&lt;td&gt;11&lt;/td&gt;&lt;/tr&gt; &lt;tr&gt; &lt;td&gt;49498&lt;/td&gt;&lt;td&gt;16965&lt;/td&gt;&lt;td&gt;42.411&lt;/td&gt;&lt;td&gt;191.624&lt;/td&gt;&lt;td&gt;19&lt;/td&gt;&lt;/tr&gt; &lt;tr&gt; &lt;td&gt;49499&lt;/td&gt;&lt;td&gt;5275&lt;/td&gt;&lt;td&gt;13.375&lt;/td&gt;&lt;td&gt;191.620&lt;/td&gt;&lt;td&gt;3&lt;/td&gt;&lt;/tr&gt; &lt;tr&gt; &lt;td&gt;49507&lt;/td&gt;&lt;td&gt;930&lt;/td&gt;&lt;td&gt;2.214&lt;/td&gt;&lt;td&gt;191.612&lt;/td&gt;&lt;td&gt;2&lt;/td&gt;&lt;/tr&gt; &lt;tr&gt; &lt;td&gt;49512&lt;/td&gt;&lt;td&gt;12686&lt;/td&gt;&lt;td&gt;31.138&lt;/td&gt;&lt;td&gt;191.563&lt;/td&gt;&lt;td&gt;26&lt;/td&gt;&lt;/tr&gt; &lt;tr&gt; &lt;td&gt;49515&lt;/td&gt;&lt;td&gt;17911&lt;/td&gt;&lt;td&gt;41.646&lt;/td&gt;&lt;td&gt;191.576&lt;/td&gt;&lt;td&gt;19&lt;/td&gt;&lt;/tr&gt; &lt;tr&gt; &lt;td&gt;49518&lt;/td&gt;&lt;td&gt;18258&lt;/td&gt;&lt;td&gt;46.166&lt;/td&gt;&lt;td&gt;191.441&lt;/td&gt;&lt;td&gt;23&lt;/td&gt;&lt;/tr&gt; &lt;tr&gt; &lt;td&gt;49519&lt;/td&gt;&lt;td&gt;18077&lt;/td&gt;&lt;td&gt;44.306&lt;/td&gt;&lt;td&gt;191.407&lt;/td&gt;&lt;td&gt;27&lt;/td&gt;&lt;/tr&gt; &lt;tr&gt;&lt;/table&gt; Total file length :   305.594 Mbytes</subfield>
    </datafield>
  </record>