
  <record>
    <datafield atag="999" ind1=" " ind2=" ">
      <subfield code="9">Marcello Maggi</subfield>
      <subfield code="c">3445064411</subfield>
      <subfield code="s">306847080</subfield>
    </datafield>
    <datafield atag="980" ind1=" " ind2=" ">
      <subfield code="a">Real Data MINI Year 1999</subfield>
    </datafield>
    <datafield atag="856" ind1="4" ind2=" ">
      <subfield code="u">irods://data.repo.cineca.it:1247/CINECA01/home/EUDAT_STAFF/Aleph_Test/ZD4002.70.AL</subfield>
      <subfield code="y">EUDAT</subfield>
    </datafield>
    <datafield atag="856" ind1="4" ind2=" ">
      <subfield code="u">rfio:/castor/cern.ch/aleph/data/ZD4002.70.AL</subfield>
      <subfield code="y">CERN</subfield>
    </datafield>
    <datafield atag="710" ind1=" " ind2=" ">
      <subfield code="g">ALEPH Collaboration</subfield>
    </datafield>
    <datafield atag="245" ind1=" " ind2=" ">
      <subfield code="9">ALEPH</subfield>
      <subfield code="a">LEP2 Data from The ALEPH Collaboration</subfield>
    </datafield>
    <datafield atag="024" ind1="7" ind2=" ">
      <subfield code="2">Handle</subfield>
      <subfield code="a">11100/e310b108-cbec-11e3-b185-e41f13eb41b2
</subfield>
    </datafield>
    <datafield atag="269" ind1=" " ind2=" ">
      <subfield code="c">1999</subfield>
    </datafield>
    <datafield atag="520" ind1=" " ind2=" ">
      <subfield code="9">ALEPH</subfield>
      <subfield code="h">Run contents for this data file &lt;table border=&quot;1&quot;&gt; &lt;tr&gt; &lt;th&gt;Run #&lt;/th&gt;&lt;th&gt;Nevents&lt;/th&gt;&lt;th&gt;Length (Mb)&lt;/th&gt;&lt;th&gt;LEP energy&lt;/th&gt;&lt;th&gt;Nb of Z0s&lt;/th&gt;&lt;/tr&gt; &lt;tr&gt; &lt;td&gt;50645&lt;/td&gt;&lt;td&gt;17886&lt;/td&gt;&lt;td&gt;49.909&lt;/td&gt;&lt;td&gt;195.437&lt;/td&gt;&lt;td&gt;29&lt;/td&gt;&lt;/tr&gt; &lt;tr&gt; &lt;td&gt;50659&lt;/td&gt;&lt;td&gt;6643&lt;/td&gt;&lt;td&gt;18.578&lt;/td&gt;&lt;td&gt;199.570&lt;/td&gt;&lt;td&gt;10&lt;/td&gt;&lt;/tr&gt; &lt;tr&gt; &lt;td&gt;50662&lt;/td&gt;&lt;td&gt;18883&lt;/td&gt;&lt;td&gt;52.719&lt;/td&gt;&lt;td&gt;199.548&lt;/td&gt;&lt;td&gt;35&lt;/td&gt;&lt;/tr&gt; &lt;tr&gt; &lt;td&gt;50666&lt;/td&gt;&lt;td&gt;9064&lt;/td&gt;&lt;td&gt;25.270&lt;/td&gt;&lt;td&gt;199.562&lt;/td&gt;&lt;td&gt;10&lt;/td&gt;&lt;/tr&gt; &lt;tr&gt; &lt;td&gt;50669&lt;/td&gt;&lt;td&gt;18621&lt;/td&gt;&lt;td&gt;53.447&lt;/td&gt;&lt;td&gt;199.565&lt;/td&gt;&lt;td&gt;31&lt;/td&gt;&lt;/tr&gt; &lt;tr&gt; &lt;td&gt;50670&lt;/td&gt;&lt;td&gt;17170&lt;/td&gt;&lt;td&gt;46.509&lt;/td&gt;&lt;td&gt;199.563&lt;/td&gt;&lt;td&gt;18&lt;/td&gt;&lt;/tr&gt; &lt;tr&gt; &lt;td&gt;50672&lt;/td&gt;&lt;td&gt;3580&lt;/td&gt;&lt;td&gt;10.587&lt;/td&gt;&lt;td&gt;199.563&lt;/td&gt;&lt;td&gt;1&lt;/td&gt;&lt;/tr&gt; &lt;tr&gt; &lt;td&gt;50674&lt;/td&gt;&lt;td&gt;8516&lt;/td&gt;&lt;td&gt;25.475&lt;/td&gt;&lt;td&gt;199.563&lt;/td&gt;&lt;td&gt;19&lt;/td&gt;&lt;/tr&gt; &lt;tr&gt; &lt;td&gt;50677&lt;/td&gt;&lt;td&gt;18882&lt;/td&gt;&lt;td&gt;53.144&lt;/td&gt;&lt;td&gt;199.719&lt;/td&gt;&lt;td&gt;35&lt;/td&gt;&lt;/tr&gt; &lt;tr&gt;&lt;/table&gt; Total file length :   305.594 Mbytes</subfield>
    </datafield>
  </record>