
  <record>
    <datafield atag="999" ind1=" " ind2=" ">
      <subfield code="9">Marcello Maggi</subfield>
      <subfield code="c">3445064411</subfield>
      <subfield code="s">306847080</subfield>
    </datafield>
    <datafield atag="980" ind1=" " ind2=" ">
      <subfield code="a">Real Data MINI Year 1999</subfield>
    </datafield>
    <datafield atag="856" ind1="4" ind2=" ">
      <subfield code="u">irods://data.repo.cineca.it:1247/CINECA01/home/EUDAT_STAFF/Aleph_Test/ZD4002.71.AL</subfield>
      <subfield code="y">EUDAT</subfield>
    </datafield>
    <datafield atag="856" ind1="4" ind2=" ">
      <subfield code="u">rfio:/castor/cern.ch/aleph/data/ZD4002.71.AL</subfield>
      <subfield code="y">CERN</subfield>
    </datafield>
    <datafield atag="710" ind1=" " ind2=" ">
      <subfield code="g">ALEPH Collaboration</subfield>
    </datafield>
    <datafield atag="245" ind1=" " ind2=" ">
      <subfield code="9">ALEPH</subfield>
      <subfield code="a">LEP2 Data from The ALEPH Collaboration</subfield>
    </datafield>
    <datafield atag="024" ind1="7" ind2=" ">
      <subfield code="2">Handle</subfield>
      <subfield code="a">11100/eecfa2ec-cbec-11e3-bcb1-e41f13eb41b2
</subfield>
    </datafield>
    <datafield atag="269" ind1=" " ind2=" ">
      <subfield code="c">1999</subfield>
    </datafield>
    <datafield atag="520" ind1=" " ind2=" ">
      <subfield code="9">ALEPH</subfield>
      <subfield code="h">Run contents for this data file &lt;table border=&quot;1&quot;&gt; &lt;tr&gt; &lt;th&gt;Run #&lt;/th&gt;&lt;th&gt;Nevents&lt;/th&gt;&lt;th&gt;Length (Mb)&lt;/th&gt;&lt;th&gt;LEP energy&lt;/th&gt;&lt;th&gt;Nb of Z0s&lt;/th&gt;&lt;/tr&gt; &lt;tr&gt; &lt;td&gt;50678&lt;/td&gt;&lt;td&gt;14097&lt;/td&gt;&lt;td&gt;38.611&lt;/td&gt;&lt;td&gt;199.719&lt;/td&gt;&lt;td&gt;25&lt;/td&gt;&lt;/tr&gt; &lt;tr&gt; &lt;td&gt;50680&lt;/td&gt;&lt;td&gt;5997&lt;/td&gt;&lt;td&gt;17.283&lt;/td&gt;&lt;td&gt;199.677&lt;/td&gt;&lt;td&gt;10&lt;/td&gt;&lt;/tr&gt; &lt;tr&gt; &lt;td&gt;50684&lt;/td&gt;&lt;td&gt;1744&lt;/td&gt;&lt;td&gt;4.929&lt;/td&gt;&lt;td&gt;199.699&lt;/td&gt;&lt;td&gt;3&lt;/td&gt;&lt;/tr&gt; &lt;tr&gt; &lt;td&gt;50686&lt;/td&gt;&lt;td&gt;852&lt;/td&gt;&lt;td&gt;2.515&lt;/td&gt;&lt;td&gt;199.547&lt;/td&gt;&lt;td&gt;2&lt;/td&gt;&lt;/tr&gt; &lt;tr&gt; &lt;td&gt;50688&lt;/td&gt;&lt;td&gt;18992&lt;/td&gt;&lt;td&gt;53.320&lt;/td&gt;&lt;td&gt;199.560&lt;/td&gt;&lt;td&gt;31&lt;/td&gt;&lt;/tr&gt; &lt;tr&gt; &lt;td&gt;50689&lt;/td&gt;&lt;td&gt;11370&lt;/td&gt;&lt;td&gt;31.560&lt;/td&gt;&lt;td&gt;199.549&lt;/td&gt;&lt;td&gt;16&lt;/td&gt;&lt;/tr&gt; &lt;tr&gt; &lt;td&gt;50691&lt;/td&gt;&lt;td&gt;18875&lt;/td&gt;&lt;td&gt;55.905&lt;/td&gt;&lt;td&gt;199.563&lt;/td&gt;&lt;td&gt;31&lt;/td&gt;&lt;/tr&gt; &lt;tr&gt; &lt;td&gt;50692&lt;/td&gt;&lt;td&gt;1988&lt;/td&gt;&lt;td&gt;5.465&lt;/td&gt;&lt;td&gt;199.565&lt;/td&gt;&lt;td&gt;2&lt;/td&gt;&lt;/tr&gt; &lt;tr&gt; &lt;td&gt;50695&lt;/td&gt;&lt;td&gt;19011&lt;/td&gt;&lt;td&gt;54.716&lt;/td&gt;&lt;td&gt;199.565&lt;/td&gt;&lt;td&gt;40&lt;/td&gt;&lt;/tr&gt; &lt;tr&gt; &lt;td&gt;50696&lt;/td&gt;&lt;td&gt;6924&lt;/td&gt;&lt;td&gt;18.032&lt;/td&gt;&lt;td&gt;199.579&lt;/td&gt;&lt;td&gt;9&lt;/td&gt;&lt;/tr&gt; &lt;tr&gt; &lt;td&gt;50698&lt;/td&gt;&lt;td&gt;18978&lt;/td&gt;&lt;td&gt;55.670&lt;/td&gt;&lt;td&gt;199.565&lt;/td&gt;&lt;td&gt;36&lt;/td&gt;&lt;/tr&gt; &lt;tr&gt;&lt;/table&gt; Total file length :   305.594 Mbytes</subfield>
    </datafield>
  </record>