
  <record>
    <datafield atag="999" ind1=" " ind2=" ">
      <subfield code="9">Marcello Maggi</subfield>
      <subfield code="c">3445064411</subfield>
      <subfield code="s">306847080</subfield>
    </datafield>
    <datafield atag="980" ind1=" " ind2=" ">
      <subfield code="a">Real Data MINI Year 1999</subfield>
    </datafield>
    <datafield atag="856" ind1="4" ind2=" ">
      <subfield code="u">irods://data.repo.cineca.it:1247/CINECA01/home/EUDAT_STAFF/Aleph_Test/ZD4002.72.AL</subfield>
      <subfield code="y">EUDAT</subfield>
    </datafield>
    <datafield atag="856" ind1="4" ind2=" ">
      <subfield code="u">rfio:/castor/cern.ch/aleph/data/ZD4002.72.AL</subfield>
      <subfield code="y">CERN</subfield>
    </datafield>
    <datafield atag="710" ind1=" " ind2=" ">
      <subfield code="g">ALEPH Collaboration</subfield>
    </datafield>
    <datafield atag="245" ind1=" " ind2=" ">
      <subfield code="9">ALEPH</subfield>
      <subfield code="a">LEP2 Data from The ALEPH Collaboration</subfield>
    </datafield>
    <datafield atag="024" ind1="7" ind2=" ">
      <subfield code="2">Handle</subfield>
      <subfield code="a">11100/facf12b2-cbec-11e3-91ad-e41f13eb41b2
</subfield>
    </datafield>
    <datafield atag="269" ind1=" " ind2=" ">
      <subfield code="c">1999</subfield>
    </datafield>
    <datafield atag="520" ind1=" " ind2=" ">
      <subfield code="9">ALEPH</subfield>
      <subfield code="h">Run contents for this data file &lt;table border=&quot;1&quot;&gt; &lt;tr&gt; &lt;th&gt;Run #&lt;/th&gt;&lt;th&gt;Nevents&lt;/th&gt;&lt;th&gt;Length (Mb)&lt;/th&gt;&lt;th&gt;LEP energy&lt;/th&gt;&lt;th&gt;Nb of Z0s&lt;/th&gt;&lt;/tr&gt; &lt;tr&gt; &lt;td&gt;50699&lt;/td&gt;&lt;td&gt;17565&lt;/td&gt;&lt;td&gt;47.967&lt;/td&gt;&lt;td&gt;199.581&lt;/td&gt;&lt;td&gt;25&lt;/td&gt;&lt;/tr&gt; &lt;tr&gt; &lt;td&gt;50702&lt;/td&gt;&lt;td&gt;1571&lt;/td&gt;&lt;td&gt;6.186&lt;/td&gt;&lt;td&gt;199.539&lt;/td&gt;&lt;td&gt;3&lt;/td&gt;&lt;/tr&gt; &lt;tr&gt; &lt;td&gt;50703&lt;/td&gt;&lt;td&gt;11405&lt;/td&gt;&lt;td&gt;33.080&lt;/td&gt;&lt;td&gt;199.572&lt;/td&gt;&lt;td&gt;23&lt;/td&gt;&lt;/tr&gt; &lt;tr&gt; &lt;td&gt;50705&lt;/td&gt;&lt;td&gt;6327&lt;/td&gt;&lt;td&gt;18.596&lt;/td&gt;&lt;td&gt;199.547&lt;/td&gt;&lt;td&gt;13&lt;/td&gt;&lt;/tr&gt; &lt;tr&gt; &lt;td&gt;50707&lt;/td&gt;&lt;td&gt;19066&lt;/td&gt;&lt;td&gt;56.150&lt;/td&gt;&lt;td&gt;199.557&lt;/td&gt;&lt;td&gt;35&lt;/td&gt;&lt;/tr&gt; &lt;tr&gt; &lt;td&gt;50708&lt;/td&gt;&lt;td&gt;6295&lt;/td&gt;&lt;td&gt;18.640&lt;/td&gt;&lt;td&gt;199.557&lt;/td&gt;&lt;td&gt;11&lt;/td&gt;&lt;/tr&gt; &lt;tr&gt; &lt;td&gt;50712&lt;/td&gt;&lt;td&gt;7298&lt;/td&gt;&lt;td&gt;21.934&lt;/td&gt;&lt;td&gt;199.582&lt;/td&gt;&lt;td&gt;13&lt;/td&gt;&lt;/tr&gt; &lt;tr&gt; &lt;td&gt;50715&lt;/td&gt;&lt;td&gt;18618&lt;/td&gt;&lt;td&gt;55.305&lt;/td&gt;&lt;td&gt;199.571&lt;/td&gt;&lt;td&gt;38&lt;/td&gt;&lt;/tr&gt; &lt;tr&gt; &lt;td&gt;50716&lt;/td&gt;&lt;td&gt;11527&lt;/td&gt;&lt;td&gt;31.969&lt;/td&gt;&lt;td&gt;199.583&lt;/td&gt;&lt;td&gt;19&lt;/td&gt;&lt;/tr&gt; &lt;tr&gt; &lt;td&gt;50721&lt;/td&gt;&lt;td&gt;18836&lt;/td&gt;&lt;td&gt;55.320&lt;/td&gt;&lt;td&gt;199.565&lt;/td&gt;&lt;td&gt;28&lt;/td&gt;&lt;/tr&gt; &lt;tr&gt;&lt;/table&gt; Total file length :   305.594 Mbytes</subfield>
    </datafield>
  </record>