
  <record>
    <datafield atag="999" ind1=" " ind2=" ">
      <subfield code="9">Marcello Maggi</subfield>
      <subfield code="c">3445064411</subfield>
      <subfield code="s">306847080</subfield>
    </datafield>
    <datafield atag="980" ind1=" " ind2=" ">
      <subfield code="a">Real Data MINI Year 1999</subfield>
    </datafield>
    <datafield atag="856" ind1="4" ind2=" ">
      <subfield code="u">irods://data.repo.cineca.it:1247/CINECA01/home/EUDAT_STAFF/Aleph_Test/ZD4002.73.AL</subfield>
      <subfield code="y">EUDAT</subfield>
    </datafield>
    <datafield atag="856" ind1="4" ind2=" ">
      <subfield code="u">rfio:/castor/cern.ch/aleph/data/ZD4002.73.AL</subfield>
      <subfield code="y">CERN</subfield>
    </datafield>
    <datafield atag="710" ind1=" " ind2=" ">
      <subfield code="g">ALEPH Collaboration</subfield>
    </datafield>
    <datafield atag="245" ind1=" " ind2=" ">
      <subfield code="9">ALEPH</subfield>
      <subfield code="a">LEP2 Data from The ALEPH Collaboration</subfield>
    </datafield>
    <datafield atag="024" ind1="7" ind2=" ">
      <subfield code="2">Handle</subfield>
      <subfield code="a">11100/01fcdbb4-cbed-11e3-ad2e-e41f13eb41b2
</subfield>
    </datafield>
    <datafield atag="269" ind1=" " ind2=" ">
      <subfield code="c">1999</subfield>
    </datafield>
    <datafield atag="520" ind1=" " ind2=" ">
      <subfield code="9">ALEPH</subfield>
      <subfield code="h">Run contents for this data file &lt;table border=&quot;1&quot;&gt; &lt;tr&gt; &lt;th&gt;Run #&lt;/th&gt;&lt;th&gt;Nevents&lt;/th&gt;&lt;th&gt;Length (Mb)&lt;/th&gt;&lt;th&gt;LEP energy&lt;/th&gt;&lt;th&gt;Nb of Z0s&lt;/th&gt;&lt;/tr&gt; &lt;tr&gt; &lt;td&gt;50722&lt;/td&gt;&lt;td&gt;2573&lt;/td&gt;&lt;td&gt;6.920&lt;/td&gt;&lt;td&gt;199.567&lt;/td&gt;&lt;td&gt;4&lt;/td&gt;&lt;/tr&gt; &lt;tr&gt; &lt;td&gt;50724&lt;/td&gt;&lt;td&gt;961&lt;/td&gt;&lt;td&gt;2.978&lt;/td&gt;&lt;td&gt;199.573&lt;/td&gt;&lt;td&gt;4&lt;/td&gt;&lt;/tr&gt; &lt;tr&gt; &lt;td&gt;50727&lt;/td&gt;&lt;td&gt;18634&lt;/td&gt;&lt;td&gt;55.929&lt;/td&gt;&lt;td&gt;199.548&lt;/td&gt;&lt;td&gt;25&lt;/td&gt;&lt;/tr&gt; &lt;tr&gt; &lt;td&gt;50728&lt;/td&gt;&lt;td&gt;2049&lt;/td&gt;&lt;td&gt;5.825&lt;/td&gt;&lt;td&gt;199.544&lt;/td&gt;&lt;td&gt;3&lt;/td&gt;&lt;/tr&gt; &lt;tr&gt; &lt;td&gt;50733&lt;/td&gt;&lt;td&gt;9391&lt;/td&gt;&lt;td&gt;26.448&lt;/td&gt;&lt;td&gt;199.533&lt;/td&gt;&lt;td&gt;11&lt;/td&gt;&lt;/tr&gt; &lt;tr&gt; &lt;td&gt;50735&lt;/td&gt;&lt;td&gt;6988&lt;/td&gt;&lt;td&gt;19.511&lt;/td&gt;&lt;td&gt;199.588&lt;/td&gt;&lt;td&gt;10&lt;/td&gt;&lt;/tr&gt; &lt;tr&gt; &lt;td&gt;50740&lt;/td&gt;&lt;td&gt;18921&lt;/td&gt;&lt;td&gt;55.565&lt;/td&gt;&lt;td&gt;195.494&lt;/td&gt;&lt;td&gt;36&lt;/td&gt;&lt;/tr&gt; &lt;tr&gt; &lt;td&gt;50741&lt;/td&gt;&lt;td&gt;18986&lt;/td&gt;&lt;td&gt;54.272&lt;/td&gt;&lt;td&gt;195.429&lt;/td&gt;&lt;td&gt;34&lt;/td&gt;&lt;/tr&gt; &lt;tr&gt; &lt;td&gt;50742&lt;/td&gt;&lt;td&gt;2810&lt;/td&gt;&lt;td&gt;7.545&lt;/td&gt;&lt;td&gt;195.426&lt;/td&gt;&lt;td&gt;4&lt;/td&gt;&lt;/tr&gt; &lt;tr&gt; &lt;td&gt;50745&lt;/td&gt;&lt;td&gt;2008&lt;/td&gt;&lt;td&gt;5.814&lt;/td&gt;&lt;td&gt;195.429&lt;/td&gt;&lt;td&gt;5&lt;/td&gt;&lt;/tr&gt; &lt;tr&gt; &lt;td&gt;50747&lt;/td&gt;&lt;td&gt;18761&lt;/td&gt;&lt;td&gt;56.214&lt;/td&gt;&lt;td&gt;195.488&lt;/td&gt;&lt;td&gt;39&lt;/td&gt;&lt;/tr&gt; &lt;tr&gt; &lt;td&gt;50748&lt;/td&gt;&lt;td&gt;2828&lt;/td&gt;&lt;td&gt;7.651&lt;/td&gt;&lt;td&gt;195.854&lt;/td&gt;&lt;td&gt;-1&lt;/td&gt;&lt;/tr&gt; &lt;tr&gt;&lt;/table&gt; Total file length :   305.594 Mbytes</subfield>
    </datafield>
  </record>