
  <record>
    <datafield atag="999" ind1=" " ind2=" ">
      <subfield code="9">Marcello Maggi</subfield>
      <subfield code="c">3445064411</subfield>
      <subfield code="s">306847080</subfield>
    </datafield>
    <datafield atag="980" ind1=" " ind2=" ">
      <subfield code="a">Real Data MINI Year 1999</subfield>
    </datafield>
    <datafield atag="856" ind1="4" ind2=" ">
      <subfield code="u">irods://data.repo.cineca.it:1247/CINECA01/home/EUDAT_STAFF/Aleph_Test/ZD4002.74.AL</subfield>
      <subfield code="y">EUDAT</subfield>
    </datafield>
    <datafield atag="856" ind1="4" ind2=" ">
      <subfield code="u">rfio:/castor/cern.ch/aleph/data/ZD4002.74.AL</subfield>
      <subfield code="y">CERN</subfield>
    </datafield>
    <datafield atag="710" ind1=" " ind2=" ">
      <subfield code="g">ALEPH Collaboration</subfield>
    </datafield>
    <datafield atag="245" ind1=" " ind2=" ">
      <subfield code="9">ALEPH</subfield>
      <subfield code="a">LEP2 Data from The ALEPH Collaboration</subfield>
    </datafield>
    <datafield atag="024" ind1="7" ind2=" ">
      <subfield code="2">Handle</subfield>
      <subfield code="a">11100/0b3ada00-cbed-11e3-9ebe-e41f13eb41b2
</subfield>
    </datafield>
    <datafield atag="269" ind1=" " ind2=" ">
      <subfield code="c">1999</subfield>
    </datafield>
    <datafield atag="520" ind1=" " ind2=" ">
      <subfield code="9">ALEPH</subfield>
      <subfield code="h">Run contents for this data file &lt;table border=&quot;1&quot;&gt; &lt;tr&gt; &lt;th&gt;Run #&lt;/th&gt;&lt;th&gt;Nevents&lt;/th&gt;&lt;th&gt;Length (Mb)&lt;/th&gt;&lt;th&gt;LEP energy&lt;/th&gt;&lt;th&gt;Nb of Z0s&lt;/th&gt;&lt;/tr&gt; &lt;tr&gt; &lt;td&gt;50751&lt;/td&gt;&lt;td&gt;8685&lt;/td&gt;&lt;td&gt;24.406&lt;/td&gt;&lt;td&gt;199.766&lt;/td&gt;&lt;td&gt;13&lt;/td&gt;&lt;/tr&gt; &lt;tr&gt; &lt;td&gt;50757&lt;/td&gt;&lt;td&gt;18394&lt;/td&gt;&lt;td&gt;49.931&lt;/td&gt;&lt;td&gt;199.771&lt;/td&gt;&lt;td&gt;27&lt;/td&gt;&lt;/tr&gt; &lt;tr&gt; &lt;td&gt;50758&lt;/td&gt;&lt;td&gt;10516&lt;/td&gt;&lt;td&gt;26.073&lt;/td&gt;&lt;td&gt;199.808&lt;/td&gt;&lt;td&gt;12&lt;/td&gt;&lt;/tr&gt; &lt;tr&gt; &lt;td&gt;50761&lt;/td&gt;&lt;td&gt;8074&lt;/td&gt;&lt;td&gt;19.902&lt;/td&gt;&lt;td&gt;199.744&lt;/td&gt;&lt;td&gt;5&lt;/td&gt;&lt;/tr&gt; &lt;tr&gt; &lt;td&gt;50767&lt;/td&gt;&lt;td&gt;18293&lt;/td&gt;&lt;td&gt;50.802&lt;/td&gt;&lt;td&gt;199.537&lt;/td&gt;&lt;td&gt;30&lt;/td&gt;&lt;/tr&gt; &lt;tr&gt; &lt;td&gt;50768&lt;/td&gt;&lt;td&gt;3362&lt;/td&gt;&lt;td&gt;9.082&lt;/td&gt;&lt;td&gt;199.561&lt;/td&gt;&lt;td&gt;12&lt;/td&gt;&lt;/tr&gt; &lt;tr&gt; &lt;td&gt;50770&lt;/td&gt;&lt;td&gt;2543&lt;/td&gt;&lt;td&gt;7.068&lt;/td&gt;&lt;td&gt;199.554&lt;/td&gt;&lt;td&gt;5&lt;/td&gt;&lt;/tr&gt; &lt;tr&gt; &lt;td&gt;50772&lt;/td&gt;&lt;td&gt;3373&lt;/td&gt;&lt;td&gt;9.896&lt;/td&gt;&lt;td&gt;199.547&lt;/td&gt;&lt;td&gt;7&lt;/td&gt;&lt;/tr&gt; &lt;tr&gt; &lt;td&gt;50774&lt;/td&gt;&lt;td&gt;16977&lt;/td&gt;&lt;td&gt;49.054&lt;/td&gt;&lt;td&gt;199.552&lt;/td&gt;&lt;td&gt;32&lt;/td&gt;&lt;/tr&gt; &lt;tr&gt; &lt;td&gt;50776&lt;/td&gt;&lt;td&gt;15857&lt;/td&gt;&lt;td&gt;43.468&lt;/td&gt;&lt;td&gt;199.573&lt;/td&gt;&lt;td&gt;28&lt;/td&gt;&lt;/tr&gt; &lt;tr&gt; &lt;td&gt;50778&lt;/td&gt;&lt;td&gt;16501&lt;/td&gt;&lt;td&gt;46.656&lt;/td&gt;&lt;td&gt;199.550&lt;/td&gt;&lt;td&gt;27&lt;/td&gt;&lt;/tr&gt; &lt;tr&gt;&lt;/table&gt; Total file length :   305.594 Mbytes</subfield>
    </datafield>
  </record>