
  <record>
    <datafield atag="999" ind1=" " ind2=" ">
      <subfield code="9">Marcello Maggi</subfield>
      <subfield code="c">3445064411</subfield>
      <subfield code="s">306847080</subfield>
    </datafield>
    <datafield atag="980" ind1=" " ind2=" ">
      <subfield code="a">Real Data MINI Year 1999</subfield>
    </datafield>
    <datafield atag="856" ind1="4" ind2=" ">
      <subfield code="u">irods://data.repo.cineca.it:1247/CINECA01/home/EUDAT_STAFF/Aleph_Test/ZD4002.77.AL</subfield>
      <subfield code="y">EUDAT</subfield>
    </datafield>
    <datafield atag="856" ind1="4" ind2=" ">
      <subfield code="u">rfio:/castor/cern.ch/aleph/data/ZD4002.77.AL</subfield>
      <subfield code="y">CERN</subfield>
    </datafield>
    <datafield atag="710" ind1=" " ind2=" ">
      <subfield code="g">ALEPH Collaboration</subfield>
    </datafield>
    <datafield atag="245" ind1=" " ind2=" ">
      <subfield code="9">ALEPH</subfield>
      <subfield code="a">LEP2 Data from The ALEPH Collaboration</subfield>
    </datafield>
    <datafield atag="024" ind1="7" ind2=" ">
      <subfield code="2">Handle</subfield>
      <subfield code="a">11100/3283af56-cbed-11e3-b23e-e41f13eb41b2
</subfield>
    </datafield>
    <datafield atag="269" ind1=" " ind2=" ">
      <subfield code="c">1999</subfield>
    </datafield>
    <datafield atag="520" ind1=" " ind2=" ">
      <subfield code="9">ALEPH</subfield>
      <subfield code="h">Run contents for this data file &lt;table border=&quot;1&quot;&gt; &lt;tr&gt; &lt;th&gt;Run #&lt;/th&gt;&lt;th&gt;Nevents&lt;/th&gt;&lt;th&gt;Length (Mb)&lt;/th&gt;&lt;th&gt;LEP energy&lt;/th&gt;&lt;th&gt;Nb of Z0s&lt;/th&gt;&lt;/tr&gt; &lt;tr&gt; &lt;td&gt;50818&lt;/td&gt;&lt;td&gt;18963&lt;/td&gt;&lt;td&gt;52.023&lt;/td&gt;&lt;td&gt;199.552&lt;/td&gt;&lt;td&gt;22&lt;/td&gt;&lt;/tr&gt; &lt;tr&gt; &lt;td&gt;50819&lt;/td&gt;&lt;td&gt;191&lt;/td&gt;&lt;td&gt;0.544&lt;/td&gt;&lt;td&gt;199.549&lt;/td&gt;&lt;td&gt;-1&lt;/td&gt;&lt;/tr&gt; &lt;tr&gt; &lt;td&gt;50821&lt;/td&gt;&lt;td&gt;18667&lt;/td&gt;&lt;td&gt;54.685&lt;/td&gt;&lt;td&gt;199.568&lt;/td&gt;&lt;td&gt;40&lt;/td&gt;&lt;/tr&gt; &lt;tr&gt; &lt;td&gt;50822&lt;/td&gt;&lt;td&gt;17192&lt;/td&gt;&lt;td&gt;46.373&lt;/td&gt;&lt;td&gt;199.578&lt;/td&gt;&lt;td&gt;32&lt;/td&gt;&lt;/tr&gt; &lt;tr&gt; &lt;td&gt;50824&lt;/td&gt;&lt;td&gt;18805&lt;/td&gt;&lt;td&gt;55.018&lt;/td&gt;&lt;td&gt;199.600&lt;/td&gt;&lt;td&gt;34&lt;/td&gt;&lt;/tr&gt; &lt;tr&gt; &lt;td&gt;50825&lt;/td&gt;&lt;td&gt;13382&lt;/td&gt;&lt;td&gt;35.594&lt;/td&gt;&lt;td&gt;199.730&lt;/td&gt;&lt;td&gt;17&lt;/td&gt;&lt;/tr&gt; &lt;tr&gt; &lt;td&gt;50829&lt;/td&gt;&lt;td&gt;12641&lt;/td&gt;&lt;td&gt;34.384&lt;/td&gt;&lt;td&gt;199.575&lt;/td&gt;&lt;td&gt;20&lt;/td&gt;&lt;/tr&gt; &lt;tr&gt; &lt;td&gt;50832&lt;/td&gt;&lt;td&gt;1733&lt;/td&gt;&lt;td&gt;4.660&lt;/td&gt;&lt;td&gt;199.802&lt;/td&gt;&lt;td&gt;-1&lt;/td&gt;&lt;/tr&gt; &lt;tr&gt; &lt;td&gt;50834&lt;/td&gt;&lt;td&gt;3830&lt;/td&gt;&lt;td&gt;10.013&lt;/td&gt;&lt;td&gt;199.552&lt;/td&gt;&lt;td&gt;4&lt;/td&gt;&lt;/tr&gt; &lt;tr&gt; &lt;td&gt;50836&lt;/td&gt;&lt;td&gt;1829&lt;/td&gt;&lt;td&gt;4.915&lt;/td&gt;&lt;td&gt;199.674&lt;/td&gt;&lt;td&gt;7&lt;/td&gt;&lt;/tr&gt; &lt;tr&gt; &lt;td&gt;50838&lt;/td&gt;&lt;td&gt;14127&lt;/td&gt;&lt;td&gt;37.040&lt;/td&gt;&lt;td&gt;199.760&lt;/td&gt;&lt;td&gt;20&lt;/td&gt;&lt;/tr&gt; &lt;tr&gt;&lt;/table&gt; Total file length :   305.594 Mbytes</subfield>
    </datafield>
  </record>