
  <record>
    <datafield atag="999" ind1=" " ind2=" ">
      <subfield code="9">Marcello Maggi</subfield>
      <subfield code="c">3445064411</subfield>
      <subfield code="s">306847080</subfield>
    </datafield>
    <datafield atag="980" ind1=" " ind2=" ">
      <subfield code="a">Real Data MINI Year 1999</subfield>
    </datafield>
    <datafield atag="856" ind1="4" ind2=" ">
      <subfield code="u">irods://data.repo.cineca.it:1247/CINECA01/home/EUDAT_STAFF/Aleph_Test/ZD4002.78.AL</subfield>
      <subfield code="y">EUDAT</subfield>
    </datafield>
    <datafield atag="856" ind1="4" ind2=" ">
      <subfield code="u">rfio:/castor/cern.ch/aleph/data/ZD4002.78.AL</subfield>
      <subfield code="y">CERN</subfield>
    </datafield>
    <datafield atag="710" ind1=" " ind2=" ">
      <subfield code="g">ALEPH Collaboration</subfield>
    </datafield>
    <datafield atag="245" ind1=" " ind2=" ">
      <subfield code="9">ALEPH</subfield>
      <subfield code="a">LEP2 Data from The ALEPH Collaboration</subfield>
    </datafield>
    <datafield atag="024" ind1="7" ind2=" ">
      <subfield code="2">Handle</subfield>
      <subfield code="a">11100/3a5e47cc-cbed-11e3-a0b9-e41f13eb41b2
</subfield>
    </datafield>
    <datafield atag="269" ind1=" " ind2=" ">
      <subfield code="c">1999</subfield>
    </datafield>
    <datafield atag="520" ind1=" " ind2=" ">
      <subfield code="9">ALEPH</subfield>
      <subfield code="h">Run contents for this data file &lt;table border=&quot;1&quot;&gt; &lt;tr&gt; &lt;th&gt;Run #&lt;/th&gt;&lt;th&gt;Nevents&lt;/th&gt;&lt;th&gt;Length (Mb)&lt;/th&gt;&lt;th&gt;LEP energy&lt;/th&gt;&lt;th&gt;Nb of Z0s&lt;/th&gt;&lt;/tr&gt; &lt;tr&gt; &lt;td&gt;50842&lt;/td&gt;&lt;td&gt;4384&lt;/td&gt;&lt;td&gt;12.855&lt;/td&gt;&lt;td&gt;199.557&lt;/td&gt;&lt;td&gt;9&lt;/td&gt;&lt;/tr&gt; &lt;tr&gt; &lt;td&gt;50848&lt;/td&gt;&lt;td&gt;18700&lt;/td&gt;&lt;td&gt;49.295&lt;/td&gt;&lt;td&gt;199.553&lt;/td&gt;&lt;td&gt;21&lt;/td&gt;&lt;/tr&gt; &lt;tr&gt; &lt;td&gt;50849&lt;/td&gt;&lt;td&gt;6920&lt;/td&gt;&lt;td&gt;18.230&lt;/td&gt;&lt;td&gt;199.556&lt;/td&gt;&lt;td&gt;12&lt;/td&gt;&lt;/tr&gt; &lt;tr&gt; &lt;td&gt;50852&lt;/td&gt;&lt;td&gt;18894&lt;/td&gt;&lt;td&gt;53.566&lt;/td&gt;&lt;td&gt;199.557&lt;/td&gt;&lt;td&gt;32&lt;/td&gt;&lt;/tr&gt; &lt;tr&gt; &lt;td&gt;50853&lt;/td&gt;&lt;td&gt;15038&lt;/td&gt;&lt;td&gt;39.489&lt;/td&gt;&lt;td&gt;199.533&lt;/td&gt;&lt;td&gt;25&lt;/td&gt;&lt;/tr&gt; &lt;tr&gt; &lt;td&gt;50855&lt;/td&gt;&lt;td&gt;14592&lt;/td&gt;&lt;td&gt;38.507&lt;/td&gt;&lt;td&gt;199.559&lt;/td&gt;&lt;td&gt;17&lt;/td&gt;&lt;/tr&gt; &lt;tr&gt; &lt;td&gt;50857&lt;/td&gt;&lt;td&gt;18820&lt;/td&gt;&lt;td&gt;53.392&lt;/td&gt;&lt;td&gt;199.577&lt;/td&gt;&lt;td&gt;31&lt;/td&gt;&lt;/tr&gt; &lt;tr&gt; &lt;td&gt;50858&lt;/td&gt;&lt;td&gt;17912&lt;/td&gt;&lt;td&gt;46.331&lt;/td&gt;&lt;td&gt;199.586&lt;/td&gt;&lt;td&gt;23&lt;/td&gt;&lt;/tr&gt; &lt;tr&gt;&lt;/table&gt; Total file length :   305.594 Mbytes</subfield>
    </datafield>
  </record>