
  <record>
    <datafield atag="999" ind1=" " ind2=" ">
      <subfield code="9">Marcello Maggi</subfield>
      <subfield code="c">3445064411</subfield>
      <subfield code="s">306847080</subfield>
    </datafield>
    <datafield atag="980" ind1=" " ind2=" ">
      <subfield code="a">Real Data MINI Year 1999</subfield>
    </datafield>
    <datafield atag="856" ind1="4" ind2=" ">
      <subfield code="u">irods://data.repo.cineca.it:1247/CINECA01/home/EUDAT_STAFF/Aleph_Test/ZD4002.79.AL</subfield>
      <subfield code="y">EUDAT</subfield>
    </datafield>
    <datafield atag="856" ind1="4" ind2=" ">
      <subfield code="u">rfio:/castor/cern.ch/aleph/data/ZD4002.79.AL</subfield>
      <subfield code="y">CERN</subfield>
    </datafield>
    <datafield atag="710" ind1=" " ind2=" ">
      <subfield code="g">ALEPH Collaboration</subfield>
    </datafield>
    <datafield atag="245" ind1=" " ind2=" ">
      <subfield code="9">ALEPH</subfield>
      <subfield code="a">LEP2 Data from The ALEPH Collaboration</subfield>
    </datafield>
    <datafield atag="024" ind1="7" ind2=" ">
      <subfield code="2">Handle</subfield>
      <subfield code="a">11100/474bfe5c-cbed-11e3-95ee-e41f13eb41b2
</subfield>
    </datafield>
    <datafield atag="269" ind1=" " ind2=" ">
      <subfield code="c">1999</subfield>
    </datafield>
    <datafield atag="520" ind1=" " ind2=" ">
      <subfield code="9">ALEPH</subfield>
      <subfield code="h">Run contents for this data file &lt;table border=&quot;1&quot;&gt; &lt;tr&gt; &lt;th&gt;Run #&lt;/th&gt;&lt;th&gt;Nevents&lt;/th&gt;&lt;th&gt;Length (Mb)&lt;/th&gt;&lt;th&gt;LEP energy&lt;/th&gt;&lt;th&gt;Nb of Z0s&lt;/th&gt;&lt;/tr&gt; &lt;tr&gt; &lt;td&gt;50859&lt;/td&gt;&lt;td&gt;505&lt;/td&gt;&lt;td&gt;1.120&lt;/td&gt;&lt;td&gt;199.786&lt;/td&gt;&lt;td&gt;1&lt;/td&gt;&lt;/tr&gt; &lt;tr&gt; &lt;td&gt;50862&lt;/td&gt;&lt;td&gt;2486&lt;/td&gt;&lt;td&gt;6.949&lt;/td&gt;&lt;td&gt;199.600&lt;/td&gt;&lt;td&gt;4&lt;/td&gt;&lt;/tr&gt; &lt;tr&gt; &lt;td&gt;50864&lt;/td&gt;&lt;td&gt;5927&lt;/td&gt;&lt;td&gt;15.800&lt;/td&gt;&lt;td&gt;199.637&lt;/td&gt;&lt;td&gt;9&lt;/td&gt;&lt;/tr&gt; &lt;tr&gt; &lt;td&gt;50866&lt;/td&gt;&lt;td&gt;18919&lt;/td&gt;&lt;td&gt;49.492&lt;/td&gt;&lt;td&gt;199.645&lt;/td&gt;&lt;td&gt;17&lt;/td&gt;&lt;/tr&gt; &lt;tr&gt; &lt;td&gt;50867&lt;/td&gt;&lt;td&gt;910&lt;/td&gt;&lt;td&gt;2.332&lt;/td&gt;&lt;td&gt;199.673&lt;/td&gt;&lt;td&gt;-1&lt;/td&gt;&lt;/tr&gt; &lt;tr&gt; &lt;td&gt;50870&lt;/td&gt;&lt;td&gt;19062&lt;/td&gt;&lt;td&gt;55.256&lt;/td&gt;&lt;td&gt;199.549&lt;/td&gt;&lt;td&gt;37&lt;/td&gt;&lt;/tr&gt; &lt;tr&gt; &lt;td&gt;50871&lt;/td&gt;&lt;td&gt;16589&lt;/td&gt;&lt;td&gt;45.790&lt;/td&gt;&lt;td&gt;199.535&lt;/td&gt;&lt;td&gt;32&lt;/td&gt;&lt;/tr&gt; &lt;tr&gt; &lt;td&gt;50873&lt;/td&gt;&lt;td&gt;19133&lt;/td&gt;&lt;td&gt;54.095&lt;/td&gt;&lt;td&gt;199.563&lt;/td&gt;&lt;td&gt;32&lt;/td&gt;&lt;/tr&gt; &lt;tr&gt; &lt;td&gt;50874&lt;/td&gt;&lt;td&gt;14660&lt;/td&gt;&lt;td&gt;40.208&lt;/td&gt;&lt;td&gt;199.569&lt;/td&gt;&lt;td&gt;33&lt;/td&gt;&lt;/tr&gt; &lt;tr&gt; &lt;td&gt;50876&lt;/td&gt;&lt;td&gt;4673&lt;/td&gt;&lt;td&gt;13.615&lt;/td&gt;&lt;td&gt;199.562&lt;/td&gt;&lt;td&gt;6&lt;/td&gt;&lt;/tr&gt; &lt;tr&gt; &lt;td&gt;50878&lt;/td&gt;&lt;td&gt;18708&lt;/td&gt;&lt;td&gt;54.068&lt;/td&gt;&lt;td&gt;199.550&lt;/td&gt;&lt;td&gt;22&lt;/td&gt;&lt;/tr&gt; &lt;tr&gt;&lt;/table&gt; Total file length :   305.594 Mbytes</subfield>
    </datafield>
  </record>