
  <record>
    <datafield atag="999" ind1=" " ind2=" ">
      <subfield code="9">Marcello Maggi</subfield>
      <subfield code="c">3445064411</subfield>
      <subfield code="s">306847080</subfield>
    </datafield>
    <datafield atag="980" ind1=" " ind2=" ">
      <subfield code="a">Real Data MINI Year 1999</subfield>
    </datafield>
    <datafield atag="856" ind1="4" ind2=" ">
      <subfield code="u">irods://data.repo.cineca.it:1247/CINECA01/home/EUDAT_STAFF/Aleph_Test/ZD4002.8.AL</subfield>
      <subfield code="y">EUDAT</subfield>
    </datafield>
    <datafield atag="856" ind1="4" ind2=" ">
      <subfield code="u">rfio:/castor/cern.ch/aleph/data/ZD4002.8.AL</subfield>
      <subfield code="y">CERN</subfield>
    </datafield>
    <datafield atag="710" ind1=" " ind2=" ">
      <subfield code="g">ALEPH Collaboration</subfield>
    </datafield>
    <datafield atag="245" ind1=" " ind2=" ">
      <subfield code="9">ALEPH</subfield>
      <subfield code="a">LEP2 Data from The ALEPH Collaboration</subfield>
    </datafield>
    <datafield atag="024" ind1="7" ind2=" ">
      <subfield code="2">Handle</subfield>
      <subfield code="a">11100/4f9e1f40-cbed-11e3-87b0-e41f13eb41b2
</subfield>
    </datafield>
    <datafield atag="269" ind1=" " ind2=" ">
      <subfield code="c">1999</subfield>
    </datafield>
    <datafield atag="520" ind1=" " ind2=" ">
      <subfield code="9">ALEPH</subfield>
      <subfield code="h">Run contents for this data file &lt;table border=&quot;1&quot;&gt; &lt;tr&gt; &lt;th&gt;Run #&lt;/th&gt;&lt;th&gt;Nevents&lt;/th&gt;&lt;th&gt;Length (Mb)&lt;/th&gt;&lt;th&gt;LEP energy&lt;/th&gt;&lt;th&gt;Nb of Z0s&lt;/th&gt;&lt;/tr&gt; &lt;tr&gt; &lt;td&gt;49520&lt;/td&gt;&lt;td&gt;13135&lt;/td&gt;&lt;td&gt;29.959&lt;/td&gt;&lt;td&gt;191.411&lt;/td&gt;&lt;td&gt;12&lt;/td&gt;&lt;/tr&gt; &lt;tr&gt; &lt;td&gt;49521&lt;/td&gt;&lt;td&gt;5519&lt;/td&gt;&lt;td&gt;11.961&lt;/td&gt;&lt;td&gt;191.411&lt;/td&gt;&lt;td&gt;5&lt;/td&gt;&lt;/tr&gt; &lt;tr&gt; &lt;td&gt;49529&lt;/td&gt;&lt;td&gt;11389&lt;/td&gt;&lt;td&gt;27.013&lt;/td&gt;&lt;td&gt;191.596&lt;/td&gt;&lt;td&gt;20&lt;/td&gt;&lt;/tr&gt; &lt;tr&gt; &lt;td&gt;49531&lt;/td&gt;&lt;td&gt;16811&lt;/td&gt;&lt;td&gt;39.551&lt;/td&gt;&lt;td&gt;191.682&lt;/td&gt;&lt;td&gt;25&lt;/td&gt;&lt;/tr&gt; &lt;tr&gt; &lt;td&gt;49532&lt;/td&gt;&lt;td&gt;9171&lt;/td&gt;&lt;td&gt;20.628&lt;/td&gt;&lt;td&gt;191.679&lt;/td&gt;&lt;td&gt;15&lt;/td&gt;&lt;/tr&gt; &lt;tr&gt; &lt;td&gt;49534&lt;/td&gt;&lt;td&gt;1279&lt;/td&gt;&lt;td&gt;2.833&lt;/td&gt;&lt;td&gt;191.696&lt;/td&gt;&lt;td&gt;4&lt;/td&gt;&lt;/tr&gt; &lt;tr&gt; &lt;td&gt;49535&lt;/td&gt;&lt;td&gt;483&lt;/td&gt;&lt;td&gt;1.229&lt;/td&gt;&lt;td&gt;191.696&lt;/td&gt;&lt;td&gt;1&lt;/td&gt;&lt;/tr&gt; &lt;tr&gt; &lt;td&gt;49536&lt;/td&gt;&lt;td&gt;889&lt;/td&gt;&lt;td&gt;2.160&lt;/td&gt;&lt;td&gt;191.668&lt;/td&gt;&lt;td&gt;0&lt;/td&gt;&lt;/tr&gt; &lt;tr&gt; &lt;td&gt;49537&lt;/td&gt;&lt;td&gt;18254&lt;/td&gt;&lt;td&gt;46.755&lt;/td&gt;&lt;td&gt;191.625&lt;/td&gt;&lt;td&gt;27&lt;/td&gt;&lt;/tr&gt; &lt;tr&gt; &lt;td&gt;49538&lt;/td&gt;&lt;td&gt;1270&lt;/td&gt;&lt;td&gt;3.194&lt;/td&gt;&lt;td&gt;191.625&lt;/td&gt;&lt;td&gt;3&lt;/td&gt;&lt;/tr&gt; &lt;tr&gt; &lt;td&gt;49540&lt;/td&gt;&lt;td&gt;18709&lt;/td&gt;&lt;td&gt;47.932&lt;/td&gt;&lt;td&gt;191.616&lt;/td&gt;&lt;td&gt;33&lt;/td&gt;&lt;/tr&gt; &lt;tr&gt; &lt;td&gt;49541&lt;/td&gt;&lt;td&gt;5218&lt;/td&gt;&lt;td&gt;13.814&lt;/td&gt;&lt;td&gt;191.615&lt;/td&gt;&lt;td&gt;10&lt;/td&gt;&lt;/tr&gt; &lt;tr&gt; &lt;td&gt;49542&lt;/td&gt;&lt;td&gt;16998&lt;/td&gt;&lt;td&gt;42.627&lt;/td&gt;&lt;td&gt;191.612&lt;/td&gt;&lt;td&gt;27&lt;/td&gt;&lt;/tr&gt; &lt;tr&gt; &lt;td&gt;49543&lt;/td&gt;&lt;td&gt;4442&lt;/td&gt;&lt;td&gt;8.861&lt;/td&gt;&lt;td&gt;191.610&lt;/td&gt;&lt;td&gt;6&lt;/td&gt;&lt;/tr&gt; &lt;tr&gt; &lt;td&gt;49547&lt;/td&gt;&lt;td&gt;13357&lt;/td&gt;&lt;td&gt;35.415&lt;/td&gt;&lt;td&gt;191.615&lt;/td&gt;&lt;td&gt;27&lt;/td&gt;&lt;/tr&gt; &lt;tr&gt;&lt;/table&gt; Total file length :   305.594 Mbytes</subfield>
    </datafield>
  </record>