
  <record>
    <datafield atag="999" ind1=" " ind2=" ">
      <subfield code="9">Marcello Maggi</subfield>
      <subfield code="c">3445064411</subfield>
      <subfield code="s">306847080</subfield>
    </datafield>
    <datafield atag="980" ind1=" " ind2=" ">
      <subfield code="a">Real Data MINI Year 1999</subfield>
    </datafield>
    <datafield atag="856" ind1="4" ind2=" ">
      <subfield code="u">irods://data.repo.cineca.it:1247/CINECA01/home/EUDAT_STAFF/Aleph_Test/ZD4002.81.AL</subfield>
      <subfield code="y">EUDAT</subfield>
    </datafield>
    <datafield atag="856" ind1="4" ind2=" ">
      <subfield code="u">rfio:/castor/cern.ch/aleph/data/ZD4002.81.AL</subfield>
      <subfield code="y">CERN</subfield>
    </datafield>
    <datafield atag="710" ind1=" " ind2=" ">
      <subfield code="g">ALEPH Collaboration</subfield>
    </datafield>
    <datafield atag="245" ind1=" " ind2=" ">
      <subfield code="9">ALEPH</subfield>
      <subfield code="a">LEP2 Data from The ALEPH Collaboration</subfield>
    </datafield>
    <datafield atag="024" ind1="7" ind2=" ">
      <subfield code="2">Handle</subfield>
      <subfield code="a">11100/69a3595a-cbed-11e3-aed6-e41f13eb41b2
</subfield>
    </datafield>
    <datafield atag="269" ind1=" " ind2=" ">
      <subfield code="c">1999</subfield>
    </datafield>
    <datafield atag="520" ind1=" " ind2=" ">
      <subfield code="9">ALEPH</subfield>
      <subfield code="h">Run contents for this data file &lt;table border=&quot;1&quot;&gt; &lt;tr&gt; &lt;th&gt;Run #&lt;/th&gt;&lt;th&gt;Nevents&lt;/th&gt;&lt;th&gt;Length (Mb)&lt;/th&gt;&lt;th&gt;LEP energy&lt;/th&gt;&lt;th&gt;Nb of Z0s&lt;/th&gt;&lt;/tr&gt; &lt;tr&gt; &lt;td&gt;50899&lt;/td&gt;&lt;td&gt;17560&lt;/td&gt;&lt;td&gt;47.372&lt;/td&gt;&lt;td&gt;199.536&lt;/td&gt;&lt;td&gt;23&lt;/td&gt;&lt;/tr&gt; &lt;tr&gt; &lt;td&gt;50903&lt;/td&gt;&lt;td&gt;18793&lt;/td&gt;&lt;td&gt;53.837&lt;/td&gt;&lt;td&gt;199.563&lt;/td&gt;&lt;td&gt;26&lt;/td&gt;&lt;/tr&gt; &lt;tr&gt; &lt;td&gt;50904&lt;/td&gt;&lt;td&gt;18799&lt;/td&gt;&lt;td&gt;51.482&lt;/td&gt;&lt;td&gt;199.538&lt;/td&gt;&lt;td&gt;36&lt;/td&gt;&lt;/tr&gt; &lt;tr&gt; &lt;td&gt;50905&lt;/td&gt;&lt;td&gt;279&lt;/td&gt;&lt;td&gt;0.754&lt;/td&gt;&lt;td&gt;199.540&lt;/td&gt;&lt;td&gt;1&lt;/td&gt;&lt;/tr&gt; &lt;tr&gt; &lt;td&gt;50909&lt;/td&gt;&lt;td&gt;18847&lt;/td&gt;&lt;td&gt;54.399&lt;/td&gt;&lt;td&gt;199.554&lt;/td&gt;&lt;td&gt;39&lt;/td&gt;&lt;/tr&gt; &lt;tr&gt; &lt;td&gt;50910&lt;/td&gt;&lt;td&gt;18666&lt;/td&gt;&lt;td&gt;50.971&lt;/td&gt;&lt;td&gt;199.578&lt;/td&gt;&lt;td&gt;30&lt;/td&gt;&lt;/tr&gt; &lt;tr&gt; &lt;td&gt;50911&lt;/td&gt;&lt;td&gt;6492&lt;/td&gt;&lt;td&gt;15.564&lt;/td&gt;&lt;td&gt;199.560&lt;/td&gt;&lt;td&gt;6&lt;/td&gt;&lt;/tr&gt; &lt;tr&gt; &lt;td&gt;50914&lt;/td&gt;&lt;td&gt;492&lt;/td&gt;&lt;td&gt;1.260&lt;/td&gt;&lt;td&gt;199.680&lt;/td&gt;&lt;td&gt;1&lt;/td&gt;&lt;/tr&gt; &lt;tr&gt; &lt;td&gt;50916&lt;/td&gt;&lt;td&gt;18868&lt;/td&gt;&lt;td&gt;53.857&lt;/td&gt;&lt;td&gt;199.567&lt;/td&gt;&lt;td&gt;38&lt;/td&gt;&lt;/tr&gt; &lt;tr&gt;&lt;/table&gt; Total file length :   305.594 Mbytes</subfield>
    </datafield>
  </record>