
  <record>
    <datafield atag="999" ind1=" " ind2=" ">
      <subfield code="9">Marcello Maggi</subfield>
      <subfield code="c">3445064411</subfield>
      <subfield code="s">306847080</subfield>
    </datafield>
    <datafield atag="980" ind1=" " ind2=" ">
      <subfield code="a">Real Data MINI Year 1999</subfield>
    </datafield>
    <datafield atag="856" ind1="4" ind2=" ">
      <subfield code="u">irods://data.repo.cineca.it:1247/CINECA01/home/EUDAT_STAFF/Aleph_Test/ZD4002.82.AL</subfield>
      <subfield code="y">EUDAT</subfield>
    </datafield>
    <datafield atag="856" ind1="4" ind2=" ">
      <subfield code="u">rfio:/castor/cern.ch/aleph/data/ZD4002.82.AL</subfield>
      <subfield code="y">CERN</subfield>
    </datafield>
    <datafield atag="710" ind1=" " ind2=" ">
      <subfield code="g">ALEPH Collaboration</subfield>
    </datafield>
    <datafield atag="245" ind1=" " ind2=" ">
      <subfield code="9">ALEPH</subfield>
      <subfield code="a">LEP2 Data from The ALEPH Collaboration</subfield>
    </datafield>
    <datafield atag="024" ind1="7" ind2=" ">
      <subfield code="2">Handle</subfield>
      <subfield code="a">11100/752883e0-cbed-11e3-9f72-e41f13eb41b2
</subfield>
    </datafield>
    <datafield atag="269" ind1=" " ind2=" ">
      <subfield code="c">1999</subfield>
    </datafield>
    <datafield atag="520" ind1=" " ind2=" ">
      <subfield code="9">ALEPH</subfield>
      <subfield code="h">Run contents for this data file &lt;table border=&quot;1&quot;&gt; &lt;tr&gt; &lt;th&gt;Run #&lt;/th&gt;&lt;th&gt;Nevents&lt;/th&gt;&lt;th&gt;Length (Mb)&lt;/th&gt;&lt;th&gt;LEP energy&lt;/th&gt;&lt;th&gt;Nb of Z0s&lt;/th&gt;&lt;/tr&gt; &lt;tr&gt; &lt;td&gt;50917&lt;/td&gt;&lt;td&gt;4952&lt;/td&gt;&lt;td&gt;13.563&lt;/td&gt;&lt;td&gt;199.555&lt;/td&gt;&lt;td&gt;11&lt;/td&gt;&lt;/tr&gt; &lt;tr&gt; &lt;td&gt;50919&lt;/td&gt;&lt;td&gt;19094&lt;/td&gt;&lt;td&gt;52.490&lt;/td&gt;&lt;td&gt;199.583&lt;/td&gt;&lt;td&gt;23&lt;/td&gt;&lt;/tr&gt; &lt;tr&gt; &lt;td&gt;50920&lt;/td&gt;&lt;td&gt;572&lt;/td&gt;&lt;td&gt;1.182&lt;/td&gt;&lt;td&gt;199.922&lt;/td&gt;&lt;td&gt;-1&lt;/td&gt;&lt;/tr&gt; &lt;tr&gt; &lt;td&gt;50922&lt;/td&gt;&lt;td&gt;6271&lt;/td&gt;&lt;td&gt;17.935&lt;/td&gt;&lt;td&gt;199.569&lt;/td&gt;&lt;td&gt;16&lt;/td&gt;&lt;/tr&gt; &lt;tr&gt; &lt;td&gt;50925&lt;/td&gt;&lt;td&gt;19220&lt;/td&gt;&lt;td&gt;55.749&lt;/td&gt;&lt;td&gt;199.543&lt;/td&gt;&lt;td&gt;23&lt;/td&gt;&lt;/tr&gt; &lt;tr&gt; &lt;td&gt;50926&lt;/td&gt;&lt;td&gt;18843&lt;/td&gt;&lt;td&gt;52.344&lt;/td&gt;&lt;td&gt;199.541&lt;/td&gt;&lt;td&gt;28&lt;/td&gt;&lt;/tr&gt; &lt;tr&gt; &lt;td&gt;50927&lt;/td&gt;&lt;td&gt;9331&lt;/td&gt;&lt;td&gt;23.748&lt;/td&gt;&lt;td&gt;199.575&lt;/td&gt;&lt;td&gt;9&lt;/td&gt;&lt;/tr&gt; &lt;tr&gt; &lt;td&gt;50929&lt;/td&gt;&lt;td&gt;8008&lt;/td&gt;&lt;td&gt;22.984&lt;/td&gt;&lt;td&gt;199.556&lt;/td&gt;&lt;td&gt;10&lt;/td&gt;&lt;/tr&gt; &lt;tr&gt; &lt;td&gt;50931&lt;/td&gt;&lt;td&gt;17754&lt;/td&gt;&lt;td&gt;50.902&lt;/td&gt;&lt;td&gt;199.544&lt;/td&gt;&lt;td&gt;27&lt;/td&gt;&lt;/tr&gt; &lt;tr&gt; &lt;td&gt;50933&lt;/td&gt;&lt;td&gt;18932&lt;/td&gt;&lt;td&gt;53.918&lt;/td&gt;&lt;td&gt;199.571&lt;/td&gt;&lt;td&gt;29&lt;/td&gt;&lt;/tr&gt; &lt;tr&gt;&lt;/table&gt; Total file length :   305.594 Mbytes</subfield>
    </datafield>
  </record>