
  <record>
    <datafield atag="999" ind1=" " ind2=" ">
      <subfield code="9">Marcello Maggi</subfield>
      <subfield code="c">3445064411</subfield>
      <subfield code="s">306847080</subfield>
    </datafield>
    <datafield atag="980" ind1=" " ind2=" ">
      <subfield code="a">Real Data MINI Year 1999</subfield>
    </datafield>
    <datafield atag="856" ind1="4" ind2=" ">
      <subfield code="u">irods://data.repo.cineca.it:1247/CINECA01/home/EUDAT_STAFF/Aleph_Test/ZD4002.83.AL</subfield>
      <subfield code="y">EUDAT</subfield>
    </datafield>
    <datafield atag="856" ind1="4" ind2=" ">
      <subfield code="u">rfio:/castor/cern.ch/aleph/data/ZD4002.83.AL</subfield>
      <subfield code="y">CERN</subfield>
    </datafield>
    <datafield atag="710" ind1=" " ind2=" ">
      <subfield code="g">ALEPH Collaboration</subfield>
    </datafield>
    <datafield atag="245" ind1=" " ind2=" ">
      <subfield code="9">ALEPH</subfield>
      <subfield code="a">LEP2 Data from The ALEPH Collaboration</subfield>
    </datafield>
    <datafield atag="024" ind1="7" ind2=" ">
      <subfield code="2">Handle</subfield>
      <subfield code="a">11100/7d02fb68-cbed-11e3-9026-e41f13eb41b2
</subfield>
    </datafield>
    <datafield atag="269" ind1=" " ind2=" ">
      <subfield code="c">1999</subfield>
    </datafield>
    <datafield atag="520" ind1=" " ind2=" ">
      <subfield code="9">ALEPH</subfield>
      <subfield code="h">Run contents for this data file &lt;table border=&quot;1&quot;&gt; &lt;tr&gt; &lt;th&gt;Run #&lt;/th&gt;&lt;th&gt;Nevents&lt;/th&gt;&lt;th&gt;Length (Mb)&lt;/th&gt;&lt;th&gt;LEP energy&lt;/th&gt;&lt;th&gt;Nb of Z0s&lt;/th&gt;&lt;/tr&gt; &lt;tr&gt; &lt;td&gt;50934&lt;/td&gt;&lt;td&gt;13880&lt;/td&gt;&lt;td&gt;37.541&lt;/td&gt;&lt;td&gt;199.583&lt;/td&gt;&lt;td&gt;18&lt;/td&gt;&lt;/tr&gt; &lt;tr&gt; &lt;td&gt;50947&lt;/td&gt;&lt;td&gt;2607&lt;/td&gt;&lt;td&gt;7.581&lt;/td&gt;&lt;td&gt;199.544&lt;/td&gt;&lt;td&gt;10&lt;/td&gt;&lt;/tr&gt; &lt;tr&gt; &lt;td&gt;50949&lt;/td&gt;&lt;td&gt;6861&lt;/td&gt;&lt;td&gt;19.510&lt;/td&gt;&lt;td&gt;199.548&lt;/td&gt;&lt;td&gt;8&lt;/td&gt;&lt;/tr&gt; &lt;tr&gt; &lt;td&gt;50951&lt;/td&gt;&lt;td&gt;18745&lt;/td&gt;&lt;td&gt;54.753&lt;/td&gt;&lt;td&gt;199.562&lt;/td&gt;&lt;td&gt;34&lt;/td&gt;&lt;/tr&gt; &lt;tr&gt; &lt;td&gt;50952&lt;/td&gt;&lt;td&gt;18751&lt;/td&gt;&lt;td&gt;51.908&lt;/td&gt;&lt;td&gt;199.562&lt;/td&gt;&lt;td&gt;20&lt;/td&gt;&lt;/tr&gt; &lt;tr&gt; &lt;td&gt;50953&lt;/td&gt;&lt;td&gt;3219&lt;/td&gt;&lt;td&gt;8.077&lt;/td&gt;&lt;td&gt;199.578&lt;/td&gt;&lt;td&gt;2&lt;/td&gt;&lt;/tr&gt; &lt;tr&gt; &lt;td&gt;50955&lt;/td&gt;&lt;td&gt;18681&lt;/td&gt;&lt;td&gt;53.195&lt;/td&gt;&lt;td&gt;199.555&lt;/td&gt;&lt;td&gt;30&lt;/td&gt;&lt;/tr&gt; &lt;tr&gt; &lt;td&gt;50956&lt;/td&gt;&lt;td&gt;4681&lt;/td&gt;&lt;td&gt;12.976&lt;/td&gt;&lt;td&gt;199.552&lt;/td&gt;&lt;td&gt;8&lt;/td&gt;&lt;/tr&gt; &lt;tr&gt; &lt;td&gt;50958&lt;/td&gt;&lt;td&gt;6483&lt;/td&gt;&lt;td&gt;18.891&lt;/td&gt;&lt;td&gt;199.582&lt;/td&gt;&lt;td&gt;14&lt;/td&gt;&lt;/tr&gt; &lt;tr&gt; &lt;td&gt;50961&lt;/td&gt;&lt;td&gt;18924&lt;/td&gt;&lt;td&gt;52.051&lt;/td&gt;&lt;td&gt;199.551&lt;/td&gt;&lt;td&gt;25&lt;/td&gt;&lt;/tr&gt; &lt;tr&gt;&lt;/table&gt; Total file length :   305.594 Mbytes</subfield>
    </datafield>
  </record>