
  <record>
    <datafield atag="999" ind1=" " ind2=" ">
      <subfield code="9">Marcello Maggi</subfield>
      <subfield code="c">3445064411</subfield>
      <subfield code="s">306847080</subfield>
    </datafield>
    <datafield atag="980" ind1=" " ind2=" ">
      <subfield code="a">Real Data MINI Year 1999</subfield>
    </datafield>
    <datafield atag="856" ind1="4" ind2=" ">
      <subfield code="u">irods://data.repo.cineca.it:1247/CINECA01/home/EUDAT_STAFF/Aleph_Test/ZD4002.84.AL</subfield>
      <subfield code="y">EUDAT</subfield>
    </datafield>
    <datafield atag="856" ind1="4" ind2=" ">
      <subfield code="u">rfio:/castor/cern.ch/aleph/data/ZD4002.84.AL</subfield>
      <subfield code="y">CERN</subfield>
    </datafield>
    <datafield atag="710" ind1=" " ind2=" ">
      <subfield code="g">ALEPH Collaboration</subfield>
    </datafield>
    <datafield atag="245" ind1=" " ind2=" ">
      <subfield code="9">ALEPH</subfield>
      <subfield code="a">LEP2 Data from The ALEPH Collaboration</subfield>
    </datafield>
    <datafield atag="024" ind1="7" ind2=" ">
      <subfield code="2">Handle</subfield>
      <subfield code="a">11100/858b100e-cbed-11e3-9a6e-e41f13eb41b2
</subfield>
    </datafield>
    <datafield atag="269" ind1=" " ind2=" ">
      <subfield code="c">1999</subfield>
    </datafield>
    <datafield atag="520" ind1=" " ind2=" ">
      <subfield code="9">ALEPH</subfield>
      <subfield code="h">Run contents for this data file &lt;table border=&quot;1&quot;&gt; &lt;tr&gt; &lt;th&gt;Run #&lt;/th&gt;&lt;th&gt;Nevents&lt;/th&gt;&lt;th&gt;Length (Mb)&lt;/th&gt;&lt;th&gt;LEP energy&lt;/th&gt;&lt;th&gt;Nb of Z0s&lt;/th&gt;&lt;/tr&gt; &lt;tr&gt; &lt;td&gt;50962&lt;/td&gt;&lt;td&gt;18591&lt;/td&gt;&lt;td&gt;48.044&lt;/td&gt;&lt;td&gt;199.539&lt;/td&gt;&lt;td&gt;20&lt;/td&gt;&lt;/tr&gt; &lt;tr&gt; &lt;td&gt;50963&lt;/td&gt;&lt;td&gt;4771&lt;/td&gt;&lt;td&gt;11.917&lt;/td&gt;&lt;td&gt;199.528&lt;/td&gt;&lt;td&gt;5&lt;/td&gt;&lt;/tr&gt; &lt;tr&gt; &lt;td&gt;50966&lt;/td&gt;&lt;td&gt;18443&lt;/td&gt;&lt;td&gt;52.506&lt;/td&gt;&lt;td&gt;199.554&lt;/td&gt;&lt;td&gt;21&lt;/td&gt;&lt;/tr&gt; &lt;tr&gt; &lt;td&gt;50967&lt;/td&gt;&lt;td&gt;12664&lt;/td&gt;&lt;td&gt;33.242&lt;/td&gt;&lt;td&gt;199.564&lt;/td&gt;&lt;td&gt;27&lt;/td&gt;&lt;/tr&gt; &lt;tr&gt; &lt;td&gt;50969&lt;/td&gt;&lt;td&gt;18671&lt;/td&gt;&lt;td&gt;52.471&lt;/td&gt;&lt;td&gt;199.577&lt;/td&gt;&lt;td&gt;32&lt;/td&gt;&lt;/tr&gt; &lt;tr&gt; &lt;td&gt;50970&lt;/td&gt;&lt;td&gt;18729&lt;/td&gt;&lt;td&gt;47.968&lt;/td&gt;&lt;td&gt;199.579&lt;/td&gt;&lt;td&gt;29&lt;/td&gt;&lt;/tr&gt; &lt;tr&gt; &lt;td&gt;50971&lt;/td&gt;&lt;td&gt;980&lt;/td&gt;&lt;td&gt;2.660&lt;/td&gt;&lt;td&gt;199.571&lt;/td&gt;&lt;td&gt;1&lt;/td&gt;&lt;/tr&gt; &lt;tr&gt; &lt;td&gt;50973&lt;/td&gt;&lt;td&gt;18795&lt;/td&gt;&lt;td&gt;51.183&lt;/td&gt;&lt;td&gt;199.571&lt;/td&gt;&lt;td&gt;28&lt;/td&gt;&lt;/tr&gt; &lt;tr&gt; &lt;td&gt;50974&lt;/td&gt;&lt;td&gt;17791&lt;/td&gt;&lt;td&gt;47.158&lt;/td&gt;&lt;td&gt;199.575&lt;/td&gt;&lt;td&gt;28&lt;/td&gt;&lt;/tr&gt; &lt;tr&gt;&lt;/table&gt; Total file length :   305.594 Mbytes</subfield>
    </datafield>
  </record>