
  <record>
    <datafield atag="999" ind1=" " ind2=" ">
      <subfield code="9">Marcello Maggi</subfield>
      <subfield code="c">3445064411</subfield>
      <subfield code="s">306847080</subfield>
    </datafield>
    <datafield atag="980" ind1=" " ind2=" ">
      <subfield code="a">Real Data MINI Year 1999</subfield>
    </datafield>
    <datafield atag="856" ind1="4" ind2=" ">
      <subfield code="u">irods://data.repo.cineca.it:1247/CINECA01/home/EUDAT_STAFF/Aleph_Test/ZD4002.85.AL</subfield>
      <subfield code="y">EUDAT</subfield>
    </datafield>
    <datafield atag="856" ind1="4" ind2=" ">
      <subfield code="u">rfio:/castor/cern.ch/aleph/data/ZD4002.85.AL</subfield>
      <subfield code="y">CERN</subfield>
    </datafield>
    <datafield atag="710" ind1=" " ind2=" ">
      <subfield code="g">ALEPH Collaboration</subfield>
    </datafield>
    <datafield atag="245" ind1=" " ind2=" ">
      <subfield code="9">ALEPH</subfield>
      <subfield code="a">LEP2 Data from The ALEPH Collaboration</subfield>
    </datafield>
    <datafield atag="024" ind1="7" ind2=" ">
      <subfield code="2">Handle</subfield>
      <subfield code="a">11100/8d6d0aac-cbed-11e3-9b94-e41f13eb41b2
</subfield>
    </datafield>
    <datafield atag="269" ind1=" " ind2=" ">
      <subfield code="c">1999</subfield>
    </datafield>
    <datafield atag="520" ind1=" " ind2=" ">
      <subfield code="9">ALEPH</subfield>
      <subfield code="h">Run contents for this data file &lt;table border=&quot;1&quot;&gt; &lt;tr&gt; &lt;th&gt;Run #&lt;/th&gt;&lt;th&gt;Nevents&lt;/th&gt;&lt;th&gt;Length (Mb)&lt;/th&gt;&lt;th&gt;LEP energy&lt;/th&gt;&lt;th&gt;Nb of Z0s&lt;/th&gt;&lt;/tr&gt; &lt;tr&gt; &lt;td&gt;50976&lt;/td&gt;&lt;td&gt;18757&lt;/td&gt;&lt;td&gt;49.838&lt;/td&gt;&lt;td&gt;199.585&lt;/td&gt;&lt;td&gt;21&lt;/td&gt;&lt;/tr&gt; &lt;tr&gt; &lt;td&gt;50977&lt;/td&gt;&lt;td&gt;3963&lt;/td&gt;&lt;td&gt;10.032&lt;/td&gt;&lt;td&gt;199.581&lt;/td&gt;&lt;td&gt;7&lt;/td&gt;&lt;/tr&gt; &lt;tr&gt; &lt;td&gt;50979&lt;/td&gt;&lt;td&gt;18705&lt;/td&gt;&lt;td&gt;52.582&lt;/td&gt;&lt;td&gt;199.451&lt;/td&gt;&lt;td&gt;31&lt;/td&gt;&lt;/tr&gt; &lt;tr&gt; &lt;td&gt;50980&lt;/td&gt;&lt;td&gt;7039&lt;/td&gt;&lt;td&gt;19.330&lt;/td&gt;&lt;td&gt;199.321&lt;/td&gt;&lt;td&gt;9&lt;/td&gt;&lt;/tr&gt; &lt;tr&gt; &lt;td&gt;50983&lt;/td&gt;&lt;td&gt;5994&lt;/td&gt;&lt;td&gt;16.656&lt;/td&gt;&lt;td&gt;199.581&lt;/td&gt;&lt;td&gt;6&lt;/td&gt;&lt;/tr&gt; &lt;tr&gt; &lt;td&gt;50985&lt;/td&gt;&lt;td&gt;18317&lt;/td&gt;&lt;td&gt;50.927&lt;/td&gt;&lt;td&gt;199.571&lt;/td&gt;&lt;td&gt;27&lt;/td&gt;&lt;/tr&gt; &lt;tr&gt; &lt;td&gt;50986&lt;/td&gt;&lt;td&gt;12809&lt;/td&gt;&lt;td&gt;32.686&lt;/td&gt;&lt;td&gt;199.569&lt;/td&gt;&lt;td&gt;13&lt;/td&gt;&lt;/tr&gt; &lt;tr&gt; &lt;td&gt;50988&lt;/td&gt;&lt;td&gt;314&lt;/td&gt;&lt;td&gt;0.868&lt;/td&gt;&lt;td&gt;199.703&lt;/td&gt;&lt;td&gt;1&lt;/td&gt;&lt;/tr&gt; &lt;tr&gt; &lt;td&gt;50990&lt;/td&gt;&lt;td&gt;18807&lt;/td&gt;&lt;td&gt;53.285&lt;/td&gt;&lt;td&gt;199.575&lt;/td&gt;&lt;td&gt;34&lt;/td&gt;&lt;/tr&gt; &lt;tr&gt; &lt;td&gt;50991&lt;/td&gt;&lt;td&gt;5242&lt;/td&gt;&lt;td&gt;14.127&lt;/td&gt;&lt;td&gt;199.636&lt;/td&gt;&lt;td&gt;10&lt;/td&gt;&lt;/tr&gt; &lt;tr&gt; &lt;td&gt;50993&lt;/td&gt;&lt;td&gt;18565&lt;/td&gt;&lt;td&gt;48.218&lt;/td&gt;&lt;td&gt;199.794&lt;/td&gt;&lt;td&gt;24&lt;/td&gt;&lt;/tr&gt; &lt;tr&gt;&lt;/table&gt; Total file length :   305.594 Mbytes</subfield>
    </datafield>
  </record>