
  <record>
    <datafield atag="999" ind1=" " ind2=" ">
      <subfield code="9">Marcello Maggi</subfield>
      <subfield code="c">3445064411</subfield>
      <subfield code="s">306847080</subfield>
    </datafield>
    <datafield atag="980" ind1=" " ind2=" ">
      <subfield code="a">Real Data MINI Year 1999</subfield>
    </datafield>
    <datafield atag="856" ind1="4" ind2=" ">
      <subfield code="u">irods://data.repo.cineca.it:1247/CINECA01/home/EUDAT_STAFF/Aleph_Test/ZD4002.86.AL</subfield>
      <subfield code="y">EUDAT</subfield>
    </datafield>
    <datafield atag="856" ind1="4" ind2=" ">
      <subfield code="u">rfio:/castor/cern.ch/aleph/data/ZD4002.86.AL</subfield>
      <subfield code="y">CERN</subfield>
    </datafield>
    <datafield atag="710" ind1=" " ind2=" ">
      <subfield code="g">ALEPH Collaboration</subfield>
    </datafield>
    <datafield atag="245" ind1=" " ind2=" ">
      <subfield code="9">ALEPH</subfield>
      <subfield code="a">LEP2 Data from The ALEPH Collaboration</subfield>
    </datafield>
    <datafield atag="024" ind1="7" ind2=" ">
      <subfield code="2">Handle</subfield>
      <subfield code="a">11100/94a598a2-cbed-11e3-9c08-e41f13eb41b2
</subfield>
    </datafield>
    <datafield atag="269" ind1=" " ind2=" ">
      <subfield code="c">1999</subfield>
    </datafield>
    <datafield atag="520" ind1=" " ind2=" ">
      <subfield code="9">ALEPH</subfield>
      <subfield code="h">Run contents for this data file &lt;table border=&quot;1&quot;&gt; &lt;tr&gt; &lt;th&gt;Run #&lt;/th&gt;&lt;th&gt;Nevents&lt;/th&gt;&lt;th&gt;Length (Mb)&lt;/th&gt;&lt;th&gt;LEP energy&lt;/th&gt;&lt;th&gt;Nb of Z0s&lt;/th&gt;&lt;/tr&gt; &lt;tr&gt; &lt;td&gt;50994&lt;/td&gt;&lt;td&gt;14205&lt;/td&gt;&lt;td&gt;38.055&lt;/td&gt;&lt;td&gt;199.591&lt;/td&gt;&lt;td&gt;23&lt;/td&gt;&lt;/tr&gt; &lt;tr&gt; &lt;td&gt;50996&lt;/td&gt;&lt;td&gt;8749&lt;/td&gt;&lt;td&gt;24.470&lt;/td&gt;&lt;td&gt;199.579&lt;/td&gt;&lt;td&gt;13&lt;/td&gt;&lt;/tr&gt; &lt;tr&gt; &lt;td&gt;50998&lt;/td&gt;&lt;td&gt;5974&lt;/td&gt;&lt;td&gt;16.726&lt;/td&gt;&lt;td&gt;199.558&lt;/td&gt;&lt;td&gt;7&lt;/td&gt;&lt;/tr&gt; &lt;tr&gt; &lt;td&gt;51001&lt;/td&gt;&lt;td&gt;18756&lt;/td&gt;&lt;td&gt;53.017&lt;/td&gt;&lt;td&gt;199.528&lt;/td&gt;&lt;td&gt;43&lt;/td&gt;&lt;/tr&gt; &lt;tr&gt; &lt;td&gt;51002&lt;/td&gt;&lt;td&gt;13936&lt;/td&gt;&lt;td&gt;37.431&lt;/td&gt;&lt;td&gt;199.540&lt;/td&gt;&lt;td&gt;16&lt;/td&gt;&lt;/tr&gt; &lt;tr&gt; &lt;td&gt;51005&lt;/td&gt;&lt;td&gt;18645&lt;/td&gt;&lt;td&gt;51.859&lt;/td&gt;&lt;td&gt;199.202&lt;/td&gt;&lt;td&gt;33&lt;/td&gt;&lt;/tr&gt; &lt;tr&gt; &lt;td&gt;51006&lt;/td&gt;&lt;td&gt;16936&lt;/td&gt;&lt;td&gt;45.033&lt;/td&gt;&lt;td&gt;199.243&lt;/td&gt;&lt;td&gt;22&lt;/td&gt;&lt;/tr&gt; &lt;tr&gt; &lt;td&gt;51008&lt;/td&gt;&lt;td&gt;18789&lt;/td&gt;&lt;td&gt;52.857&lt;/td&gt;&lt;td&gt;199.559&lt;/td&gt;&lt;td&gt;27&lt;/td&gt;&lt;/tr&gt; &lt;tr&gt;&lt;/table&gt; Total file length :   305.594 Mbytes</subfield>
    </datafield>
  </record>