
  <record>
    <datafield atag="999" ind1=" " ind2=" ">
      <subfield code="9">Marcello Maggi</subfield>
      <subfield code="c">3445064411</subfield>
      <subfield code="s">306847080</subfield>
    </datafield>
    <datafield atag="980" ind1=" " ind2=" ">
      <subfield code="a">Real Data MINI Year 1999</subfield>
    </datafield>
    <datafield atag="856" ind1="4" ind2=" ">
      <subfield code="u">irods://data.repo.cineca.it:1247/CINECA01/home/EUDAT_STAFF/Aleph_Test/ZD4002.87.AL</subfield>
      <subfield code="y">EUDAT</subfield>
    </datafield>
    <datafield atag="856" ind1="4" ind2=" ">
      <subfield code="u">rfio:/castor/cern.ch/aleph/data/ZD4002.87.AL</subfield>
      <subfield code="y">CERN</subfield>
    </datafield>
    <datafield atag="710" ind1=" " ind2=" ">
      <subfield code="g">ALEPH Collaboration</subfield>
    </datafield>
    <datafield atag="245" ind1=" " ind2=" ">
      <subfield code="9">ALEPH</subfield>
      <subfield code="a">LEP2 Data from The ALEPH Collaboration</subfield>
    </datafield>
    <datafield atag="024" ind1="7" ind2=" ">
      <subfield code="2">Handle</subfield>
      <subfield code="a">11100/9c591196-cbed-11e3-8c31-e41f13eb41b2
</subfield>
    </datafield>
    <datafield atag="269" ind1=" " ind2=" ">
      <subfield code="c">1999</subfield>
    </datafield>
    <datafield atag="520" ind1=" " ind2=" ">
      <subfield code="9">ALEPH</subfield>
      <subfield code="h">Run contents for this data file &lt;table border=&quot;1&quot;&gt; &lt;tr&gt; &lt;th&gt;Run #&lt;/th&gt;&lt;th&gt;Nevents&lt;/th&gt;&lt;th&gt;Length (Mb)&lt;/th&gt;&lt;th&gt;LEP energy&lt;/th&gt;&lt;th&gt;Nb of Z0s&lt;/th&gt;&lt;/tr&gt; &lt;tr&gt; &lt;td&gt;51009&lt;/td&gt;&lt;td&gt;18372&lt;/td&gt;&lt;td&gt;48.516&lt;/td&gt;&lt;td&gt;199.582&lt;/td&gt;&lt;td&gt;19&lt;/td&gt;&lt;/tr&gt; &lt;tr&gt; &lt;td&gt;51035&lt;/td&gt;&lt;td&gt;19179&lt;/td&gt;&lt;td&gt;53.771&lt;/td&gt;&lt;td&gt;199.531&lt;/td&gt;&lt;td&gt;29&lt;/td&gt;&lt;/tr&gt; &lt;tr&gt; &lt;td&gt;51036&lt;/td&gt;&lt;td&gt;6242&lt;/td&gt;&lt;td&gt;17.032&lt;/td&gt;&lt;td&gt;199.538&lt;/td&gt;&lt;td&gt;8&lt;/td&gt;&lt;/tr&gt; &lt;tr&gt; &lt;td&gt;51037&lt;/td&gt;&lt;td&gt;13840&lt;/td&gt;&lt;td&gt;37.626&lt;/td&gt;&lt;td&gt;199.545&lt;/td&gt;&lt;td&gt;11&lt;/td&gt;&lt;/tr&gt; &lt;tr&gt; &lt;td&gt;51041&lt;/td&gt;&lt;td&gt;19389&lt;/td&gt;&lt;td&gt;55.666&lt;/td&gt;&lt;td&gt;199.537&lt;/td&gt;&lt;td&gt;31&lt;/td&gt;&lt;/tr&gt; &lt;tr&gt; &lt;td&gt;51042&lt;/td&gt;&lt;td&gt;18831&lt;/td&gt;&lt;td&gt;50.454&lt;/td&gt;&lt;td&gt;199.536&lt;/td&gt;&lt;td&gt;29&lt;/td&gt;&lt;/tr&gt; &lt;tr&gt; &lt;td&gt;51043&lt;/td&gt;&lt;td&gt;2133&lt;/td&gt;&lt;td&gt;5.324&lt;/td&gt;&lt;td&gt;199.539&lt;/td&gt;&lt;td&gt;1&lt;/td&gt;&lt;/tr&gt; &lt;tr&gt; &lt;td&gt;51045&lt;/td&gt;&lt;td&gt;19329&lt;/td&gt;&lt;td&gt;54.186&lt;/td&gt;&lt;td&gt;199.540&lt;/td&gt;&lt;td&gt;33&lt;/td&gt;&lt;/tr&gt; &lt;tr&gt;&lt;/table&gt; Total file length :   305.594 Mbytes</subfield>
    </datafield>
  </record>