
  <record>
    <datafield atag="999" ind1=" " ind2=" ">
      <subfield code="9">Marcello Maggi</subfield>
      <subfield code="c">3445064411</subfield>
      <subfield code="s">306847080</subfield>
    </datafield>
    <datafield atag="980" ind1=" " ind2=" ">
      <subfield code="a">Real Data MINI Year 1999</subfield>
    </datafield>
    <datafield atag="856" ind1="4" ind2=" ">
      <subfield code="u">irods://data.repo.cineca.it:1247/CINECA01/home/EUDAT_STAFF/Aleph_Test/ZD4002.89.AL</subfield>
      <subfield code="y">EUDAT</subfield>
    </datafield>
    <datafield atag="856" ind1="4" ind2=" ">
      <subfield code="u">rfio:/castor/cern.ch/aleph/data/ZD4002.89.AL</subfield>
      <subfield code="y">CERN</subfield>
    </datafield>
    <datafield atag="710" ind1=" " ind2=" ">
      <subfield code="g">ALEPH Collaboration</subfield>
    </datafield>
    <datafield atag="245" ind1=" " ind2=" ">
      <subfield code="9">ALEPH</subfield>
      <subfield code="a">LEP2 Data from The ALEPH Collaboration</subfield>
    </datafield>
    <datafield atag="024" ind1="7" ind2=" ">
      <subfield code="2">Handle</subfield>
      <subfield code="a">11100/ae376fc0-cbed-11e3-82c3-e41f13eb41b2
</subfield>
    </datafield>
    <datafield atag="269" ind1=" " ind2=" ">
      <subfield code="c">1999</subfield>
    </datafield>
    <datafield atag="520" ind1=" " ind2=" ">
      <subfield code="9">ALEPH</subfield>
      <subfield code="h">Run contents for this data file &lt;table border=&quot;1&quot;&gt; &lt;tr&gt; &lt;th&gt;Run #&lt;/th&gt;&lt;th&gt;Nevents&lt;/th&gt;&lt;th&gt;Length (Mb)&lt;/th&gt;&lt;th&gt;LEP energy&lt;/th&gt;&lt;th&gt;Nb of Z0s&lt;/th&gt;&lt;/tr&gt; &lt;tr&gt; &lt;td&gt;51246&lt;/td&gt;&lt;td&gt;19562&lt;/td&gt;&lt;td&gt;51.642&lt;/td&gt;&lt;td&gt;199.603&lt;/td&gt;&lt;td&gt;23&lt;/td&gt;&lt;/tr&gt; &lt;tr&gt; &lt;td&gt;51247&lt;/td&gt;&lt;td&gt;334&lt;/td&gt;&lt;td&gt;0.892&lt;/td&gt;&lt;td&gt;199.560&lt;/td&gt;&lt;td&gt;-1&lt;/td&gt;&lt;/tr&gt; &lt;tr&gt; &lt;td&gt;51249&lt;/td&gt;&lt;td&gt;12782&lt;/td&gt;&lt;td&gt;32.982&lt;/td&gt;&lt;td&gt;199.583&lt;/td&gt;&lt;td&gt;17&lt;/td&gt;&lt;/tr&gt; &lt;tr&gt; &lt;td&gt;51250&lt;/td&gt;&lt;td&gt;12011&lt;/td&gt;&lt;td&gt;31.498&lt;/td&gt;&lt;td&gt;199.573&lt;/td&gt;&lt;td&gt;22&lt;/td&gt;&lt;/tr&gt; &lt;tr&gt; &lt;td&gt;51254&lt;/td&gt;&lt;td&gt;10781&lt;/td&gt;&lt;td&gt;29.306&lt;/td&gt;&lt;td&gt;199.548&lt;/td&gt;&lt;td&gt;14&lt;/td&gt;&lt;/tr&gt; &lt;tr&gt; &lt;td&gt;51300&lt;/td&gt;&lt;td&gt;20033&lt;/td&gt;&lt;td&gt;56.705&lt;/td&gt;&lt;td&gt;199.458&lt;/td&gt;&lt;td&gt;34&lt;/td&gt;&lt;/tr&gt; &lt;tr&gt; &lt;td&gt;51301&lt;/td&gt;&lt;td&gt;5688&lt;/td&gt;&lt;td&gt;16.202&lt;/td&gt;&lt;td&gt;199.453&lt;/td&gt;&lt;td&gt;13&lt;/td&gt;&lt;/tr&gt; &lt;tr&gt; &lt;td&gt;51303&lt;/td&gt;&lt;td&gt;19741&lt;/td&gt;&lt;td&gt;57.563&lt;/td&gt;&lt;td&gt;199.482&lt;/td&gt;&lt;td&gt;51&lt;/td&gt;&lt;/tr&gt; &lt;tr&gt; &lt;td&gt;51304&lt;/td&gt;&lt;td&gt;14998&lt;/td&gt;&lt;td&gt;41.588&lt;/td&gt;&lt;td&gt;199.476&lt;/td&gt;&lt;td&gt;18&lt;/td&gt;&lt;/tr&gt; &lt;tr&gt;&lt;/table&gt; Total file length :   305.594 Mbytes</subfield>
    </datafield>
  </record>