
  <record>
    <datafield atag="999" ind1=" " ind2=" ">
      <subfield code="9">Marcello Maggi</subfield>
      <subfield code="c">3445064411</subfield>
      <subfield code="s">306847080</subfield>
    </datafield>
    <datafield atag="980" ind1=" " ind2=" ">
      <subfield code="a">Real Data MINI Year 1999</subfield>
    </datafield>
    <datafield atag="856" ind1="4" ind2=" ">
      <subfield code="u">irods://data.repo.cineca.it:1247/CINECA01/home/EUDAT_STAFF/Aleph_Test/ZD4002.9.AL</subfield>
      <subfield code="y">EUDAT</subfield>
    </datafield>
    <datafield atag="856" ind1="4" ind2=" ">
      <subfield code="u">rfio:/castor/cern.ch/aleph/data/ZD4002.9.AL</subfield>
      <subfield code="y">CERN</subfield>
    </datafield>
    <datafield atag="710" ind1=" " ind2=" ">
      <subfield code="g">ALEPH Collaboration</subfield>
    </datafield>
    <datafield atag="245" ind1=" " ind2=" ">
      <subfield code="9">ALEPH</subfield>
      <subfield code="a">LEP2 Data from The ALEPH Collaboration</subfield>
    </datafield>
    <datafield atag="024" ind1="7" ind2=" ">
      <subfield code="2">Handle</subfield>
      <subfield code="a">11100/b6b52700-cbed-11e3-b015-e41f13eb41b2
</subfield>
    </datafield>
    <datafield atag="269" ind1=" " ind2=" ">
      <subfield code="c">1999</subfield>
    </datafield>
    <datafield atag="520" ind1=" " ind2=" ">
      <subfield code="9">ALEPH</subfield>
      <subfield code="h">Run contents for this data file &lt;table border=&quot;1&quot;&gt; &lt;tr&gt; &lt;th&gt;Run #&lt;/th&gt;&lt;th&gt;Nevents&lt;/th&gt;&lt;th&gt;Length (Mb)&lt;/th&gt;&lt;th&gt;LEP energy&lt;/th&gt;&lt;th&gt;Nb of Z0s&lt;/th&gt;&lt;/tr&gt; &lt;tr&gt; &lt;td&gt;49548&lt;/td&gt;&lt;td&gt;19292&lt;/td&gt;&lt;td&gt;47.286&lt;/td&gt;&lt;td&gt;191.610&lt;/td&gt;&lt;td&gt;23&lt;/td&gt;&lt;/tr&gt; &lt;tr&gt; &lt;td&gt;49549&lt;/td&gt;&lt;td&gt;8808&lt;/td&gt;&lt;td&gt;20.281&lt;/td&gt;&lt;td&gt;191.622&lt;/td&gt;&lt;td&gt;7&lt;/td&gt;&lt;/tr&gt; &lt;tr&gt; &lt;td&gt;49551&lt;/td&gt;&lt;td&gt;18625&lt;/td&gt;&lt;td&gt;48.790&lt;/td&gt;&lt;td&gt;191.636&lt;/td&gt;&lt;td&gt;34&lt;/td&gt;&lt;/tr&gt; &lt;tr&gt; &lt;td&gt;49552&lt;/td&gt;&lt;td&gt;19206&lt;/td&gt;&lt;td&gt;48.201&lt;/td&gt;&lt;td&gt;191.632&lt;/td&gt;&lt;td&gt;23&lt;/td&gt;&lt;/tr&gt; &lt;tr&gt; &lt;td&gt;49553&lt;/td&gt;&lt;td&gt;2624&lt;/td&gt;&lt;td&gt;5.803&lt;/td&gt;&lt;td&gt;191.627&lt;/td&gt;&lt;td&gt;2&lt;/td&gt;&lt;/tr&gt; &lt;tr&gt; &lt;td&gt;49555&lt;/td&gt;&lt;td&gt;18074&lt;/td&gt;&lt;td&gt;45.510&lt;/td&gt;&lt;td&gt;191.638&lt;/td&gt;&lt;td&gt;19&lt;/td&gt;&lt;/tr&gt; &lt;tr&gt; &lt;td&gt;49556&lt;/td&gt;&lt;td&gt;17855&lt;/td&gt;&lt;td&gt;44.533&lt;/td&gt;&lt;td&gt;191.637&lt;/td&gt;&lt;td&gt;28&lt;/td&gt;&lt;/tr&gt; &lt;tr&gt; &lt;td&gt;49557&lt;/td&gt;&lt;td&gt;5902&lt;/td&gt;&lt;td&gt;13.694&lt;/td&gt;&lt;td&gt;191.637&lt;/td&gt;&lt;td&gt;8&lt;/td&gt;&lt;/tr&gt; &lt;tr&gt; &lt;td&gt;49560&lt;/td&gt;&lt;td&gt;19001&lt;/td&gt;&lt;td&gt;49.084&lt;/td&gt;&lt;td&gt;191.596&lt;/td&gt;&lt;td&gt;36&lt;/td&gt;&lt;/tr&gt; &lt;tr&gt;&lt;/table&gt; Total file length :   305.594 Mbytes</subfield>
    </datafield>
  </record>