
  <record>
    <datafield atag="999" ind1=" " ind2=" ">
      <subfield code="9">Marcello Maggi</subfield>
      <subfield code="c">3445064411</subfield>
      <subfield code="s">306847080</subfield>
    </datafield>
    <datafield atag="980" ind1=" " ind2=" ">
      <subfield code="a">Real Data MINI Year 1999</subfield>
    </datafield>
    <datafield atag="856" ind1="4" ind2=" ">
      <subfield code="u">irods://data.repo.cineca.it:1247/CINECA01/home/EUDAT_STAFF/Aleph_Test/ZD4002.92.AL</subfield>
      <subfield code="y">EUDAT</subfield>
    </datafield>
    <datafield atag="856" ind1="4" ind2=" ">
      <subfield code="u">rfio:/castor/cern.ch/aleph/data/ZD4002.92.AL</subfield>
      <subfield code="y">CERN</subfield>
    </datafield>
    <datafield atag="710" ind1=" " ind2=" ">
      <subfield code="g">ALEPH Collaboration</subfield>
    </datafield>
    <datafield atag="245" ind1=" " ind2=" ">
      <subfield code="9">ALEPH</subfield>
      <subfield code="a">LEP2 Data from The ALEPH Collaboration</subfield>
    </datafield>
    <datafield atag="024" ind1="7" ind2=" ">
      <subfield code="2">Handle</subfield>
      <subfield code="a">11100/dc9cd580-cbed-11e3-8d42-e41f13eb41b2
</subfield>
    </datafield>
    <datafield atag="269" ind1=" " ind2=" ">
      <subfield code="c">1999</subfield>
    </datafield>
    <datafield atag="520" ind1=" " ind2=" ">
      <subfield code="9">ALEPH</subfield>
      <subfield code="h">Run contents for this data file &lt;table border=&quot;1&quot;&gt; &lt;tr&gt; &lt;th&gt;Run #&lt;/th&gt;&lt;th&gt;Nevents&lt;/th&gt;&lt;th&gt;Length (Mb)&lt;/th&gt;&lt;th&gt;LEP energy&lt;/th&gt;&lt;th&gt;Nb of Z0s&lt;/th&gt;&lt;/tr&gt; &lt;tr&gt; &lt;td&gt;51057&lt;/td&gt;&lt;td&gt;4052&lt;/td&gt;&lt;td&gt;9.999&lt;/td&gt;&lt;td&gt;199.770&lt;/td&gt;&lt;td&gt;4&lt;/td&gt;&lt;/tr&gt; &lt;tr&gt; &lt;td&gt;51059&lt;/td&gt;&lt;td&gt;19276&lt;/td&gt;&lt;td&gt;54.364&lt;/td&gt;&lt;td&gt;199.649&lt;/td&gt;&lt;td&gt;32&lt;/td&gt;&lt;/tr&gt; &lt;tr&gt; &lt;td&gt;51060&lt;/td&gt;&lt;td&gt;18928&lt;/td&gt;&lt;td&gt;51.742&lt;/td&gt;&lt;td&gt;199.552&lt;/td&gt;&lt;td&gt;32&lt;/td&gt;&lt;/tr&gt; &lt;tr&gt; &lt;td&gt;51061&lt;/td&gt;&lt;td&gt;3683&lt;/td&gt;&lt;td&gt;8.334&lt;/td&gt;&lt;td&gt;199.573&lt;/td&gt;&lt;td&gt;5&lt;/td&gt;&lt;/tr&gt; &lt;tr&gt; &lt;td&gt;51063&lt;/td&gt;&lt;td&gt;3207&lt;/td&gt;&lt;td&gt;9.353&lt;/td&gt;&lt;td&gt;199.567&lt;/td&gt;&lt;td&gt;4&lt;/td&gt;&lt;/tr&gt; &lt;tr&gt; &lt;td&gt;51105&lt;/td&gt;&lt;td&gt;5882&lt;/td&gt;&lt;td&gt;16.684&lt;/td&gt;&lt;td&gt;199.461&lt;/td&gt;&lt;td&gt;6&lt;/td&gt;&lt;/tr&gt; &lt;tr&gt; &lt;td&gt;51107&lt;/td&gt;&lt;td&gt;19172&lt;/td&gt;&lt;td&gt;56.266&lt;/td&gt;&lt;td&gt;199.473&lt;/td&gt;&lt;td&gt;34&lt;/td&gt;&lt;/tr&gt; &lt;tr&gt; &lt;td&gt;51108&lt;/td&gt;&lt;td&gt;17908&lt;/td&gt;&lt;td&gt;47.906&lt;/td&gt;&lt;td&gt;199.465&lt;/td&gt;&lt;td&gt;31&lt;/td&gt;&lt;/tr&gt; &lt;tr&gt; &lt;td&gt;51110&lt;/td&gt;&lt;td&gt;19725&lt;/td&gt;&lt;td&gt;53.969&lt;/td&gt;&lt;td&gt;199.566&lt;/td&gt;&lt;td&gt;29&lt;/td&gt;&lt;/tr&gt; &lt;tr&gt;&lt;/table&gt; Total file length :   305.594 Mbytes</subfield>
    </datafield>
  </record>