
  <record>
    <datafield atag="999" ind1=" " ind2=" ">
      <subfield code="9">Marcello Maggi</subfield>
      <subfield code="c">3445064411</subfield>
      <subfield code="s">306847080</subfield>
    </datafield>
    <datafield atag="980" ind1=" " ind2=" ">
      <subfield code="a">Real Data MINI Year 1999</subfield>
    </datafield>
    <datafield atag="856" ind1="4" ind2=" ">
      <subfield code="u">irods://data.repo.cineca.it:1247/CINECA01/home/EUDAT_STAFF/Aleph_Test/ZD4002.93.AL</subfield>
      <subfield code="y">EUDAT</subfield>
    </datafield>
    <datafield atag="856" ind1="4" ind2=" ">
      <subfield code="u">rfio:/castor/cern.ch/aleph/data/ZD4002.93.AL</subfield>
      <subfield code="y">CERN</subfield>
    </datafield>
    <datafield atag="710" ind1=" " ind2=" ">
      <subfield code="g">ALEPH Collaboration</subfield>
    </datafield>
    <datafield atag="245" ind1=" " ind2=" ">
      <subfield code="9">ALEPH</subfield>
      <subfield code="a">LEP2 Data from The ALEPH Collaboration</subfield>
    </datafield>
    <datafield atag="024" ind1="7" ind2=" ">
      <subfield code="2">Handle</subfield>
      <subfield code="a">11100/e90a29da-cbed-11e3-9869-e41f13eb41b2
</subfield>
    </datafield>
    <datafield atag="269" ind1=" " ind2=" ">
      <subfield code="c">1999</subfield>
    </datafield>
    <datafield atag="520" ind1=" " ind2=" ">
      <subfield code="9">ALEPH</subfield>
      <subfield code="h">Run contents for this data file &lt;table border=&quot;1&quot;&gt; &lt;tr&gt; &lt;th&gt;Run #&lt;/th&gt;&lt;th&gt;Nevents&lt;/th&gt;&lt;th&gt;Length (Mb)&lt;/th&gt;&lt;th&gt;LEP energy&lt;/th&gt;&lt;th&gt;Nb of Z0s&lt;/th&gt;&lt;/tr&gt; &lt;tr&gt; &lt;td&gt;51111&lt;/td&gt;&lt;td&gt;6090&lt;/td&gt;&lt;td&gt;14.987&lt;/td&gt;&lt;td&gt;199.500&lt;/td&gt;&lt;td&gt;5&lt;/td&gt;&lt;/tr&gt; &lt;tr&gt; &lt;td&gt;51114&lt;/td&gt;&lt;td&gt;17901&lt;/td&gt;&lt;td&gt;50.304&lt;/td&gt;&lt;td&gt;199.543&lt;/td&gt;&lt;td&gt;27&lt;/td&gt;&lt;/tr&gt; &lt;tr&gt; &lt;td&gt;51146&lt;/td&gt;&lt;td&gt;6335&lt;/td&gt;&lt;td&gt;16.540&lt;/td&gt;&lt;td&gt;199.531&lt;/td&gt;&lt;td&gt;13&lt;/td&gt;&lt;/tr&gt; &lt;tr&gt; &lt;td&gt;51148&lt;/td&gt;&lt;td&gt;2649&lt;/td&gt;&lt;td&gt;7.321&lt;/td&gt;&lt;td&gt;199.532&lt;/td&gt;&lt;td&gt;5&lt;/td&gt;&lt;/tr&gt; &lt;tr&gt; &lt;td&gt;51150&lt;/td&gt;&lt;td&gt;19530&lt;/td&gt;&lt;td&gt;54.376&lt;/td&gt;&lt;td&gt;199.558&lt;/td&gt;&lt;td&gt;31&lt;/td&gt;&lt;/tr&gt; &lt;tr&gt; &lt;td&gt;51151&lt;/td&gt;&lt;td&gt;1297&lt;/td&gt;&lt;td&gt;3.669&lt;/td&gt;&lt;td&gt;199.522&lt;/td&gt;&lt;td&gt;4&lt;/td&gt;&lt;/tr&gt; &lt;tr&gt; &lt;td&gt;51153&lt;/td&gt;&lt;td&gt;499&lt;/td&gt;&lt;td&gt;1.383&lt;/td&gt;&lt;td&gt;200.000&lt;/td&gt;&lt;td&gt;-1&lt;/td&gt;&lt;/tr&gt; &lt;tr&gt; &lt;td&gt;51155&lt;/td&gt;&lt;td&gt;11810&lt;/td&gt;&lt;td&gt;28.830&lt;/td&gt;&lt;td&gt;199.521&lt;/td&gt;&lt;td&gt;24&lt;/td&gt;&lt;/tr&gt; &lt;tr&gt; &lt;td&gt;51253&lt;/td&gt;&lt;td&gt;19619&lt;/td&gt;&lt;td&gt;54.970&lt;/td&gt;&lt;td&gt;199.563&lt;/td&gt;&lt;td&gt;33&lt;/td&gt;&lt;/tr&gt; &lt;tr&gt; &lt;td&gt;51256&lt;/td&gt;&lt;td&gt;15298&lt;/td&gt;&lt;td&gt;43.807&lt;/td&gt;&lt;td&gt;199.533&lt;/td&gt;&lt;td&gt;23&lt;/td&gt;&lt;/tr&gt; &lt;tr&gt; &lt;td&gt;51258&lt;/td&gt;&lt;td&gt;19661&lt;/td&gt;&lt;td&gt;56.659&lt;/td&gt;&lt;td&gt;199.531&lt;/td&gt;&lt;td&gt;32&lt;/td&gt;&lt;/tr&gt; &lt;tr&gt;&lt;/table&gt; Total file length :   305.594 Mbytes</subfield>
    </datafield>
  </record>