
  <record>
    <datafield atag="999" ind1=" " ind2=" ">
      <subfield code="9">Marcello Maggi</subfield>
      <subfield code="c">3445064411</subfield>
      <subfield code="s">306847080</subfield>
    </datafield>
    <datafield atag="980" ind1=" " ind2=" ">
      <subfield code="a">Real Data MINI Year 1999</subfield>
    </datafield>
    <datafield atag="856" ind1="4" ind2=" ">
      <subfield code="u">irods://data.repo.cineca.it:1247/CINECA01/home/EUDAT_STAFF/Aleph_Test/ZD4002.94.AL</subfield>
      <subfield code="y">EUDAT</subfield>
    </datafield>
    <datafield atag="856" ind1="4" ind2=" ">
      <subfield code="u">rfio:/castor/cern.ch/aleph/data/ZD4002.94.AL</subfield>
      <subfield code="y">CERN</subfield>
    </datafield>
    <datafield atag="710" ind1=" " ind2=" ">
      <subfield code="g">ALEPH Collaboration</subfield>
    </datafield>
    <datafield atag="245" ind1=" " ind2=" ">
      <subfield code="9">ALEPH</subfield>
      <subfield code="a">LEP2 Data from The ALEPH Collaboration</subfield>
    </datafield>
    <datafield atag="024" ind1="7" ind2=" ">
      <subfield code="2">Handle</subfield>
      <subfield code="a">11100/f3cb25d6-cbed-11e3-a80e-e41f13eb41b2
</subfield>
    </datafield>
    <datafield atag="269" ind1=" " ind2=" ">
      <subfield code="c">1999</subfield>
    </datafield>
    <datafield atag="520" ind1=" " ind2=" ">
      <subfield code="9">ALEPH</subfield>
      <subfield code="h">Run contents for this data file &lt;table border=&quot;1&quot;&gt; &lt;tr&gt; &lt;th&gt;Run #&lt;/th&gt;&lt;th&gt;Nevents&lt;/th&gt;&lt;th&gt;Length (Mb)&lt;/th&gt;&lt;th&gt;LEP energy&lt;/th&gt;&lt;th&gt;Nb of Z0s&lt;/th&gt;&lt;/tr&gt; &lt;tr&gt; &lt;td&gt;51069&lt;/td&gt;&lt;td&gt;13554&lt;/td&gt;&lt;td&gt;39.215&lt;/td&gt;&lt;td&gt;199.565&lt;/td&gt;&lt;td&gt;18&lt;/td&gt;&lt;/tr&gt; &lt;tr&gt; &lt;td&gt;51072&lt;/td&gt;&lt;td&gt;19311&lt;/td&gt;&lt;td&gt;53.314&lt;/td&gt;&lt;td&gt;199.540&lt;/td&gt;&lt;td&gt;26&lt;/td&gt;&lt;/tr&gt; &lt;tr&gt; &lt;td&gt;51073&lt;/td&gt;&lt;td&gt;9336&lt;/td&gt;&lt;td&gt;24.516&lt;/td&gt;&lt;td&gt;199.542&lt;/td&gt;&lt;td&gt;7&lt;/td&gt;&lt;/tr&gt; &lt;tr&gt; &lt;td&gt;51076&lt;/td&gt;&lt;td&gt;19484&lt;/td&gt;&lt;td&gt;54.835&lt;/td&gt;&lt;td&gt;199.559&lt;/td&gt;&lt;td&gt;48&lt;/td&gt;&lt;/tr&gt; &lt;tr&gt; &lt;td&gt;51229&lt;/td&gt;&lt;td&gt;19683&lt;/td&gt;&lt;td&gt;56.069&lt;/td&gt;&lt;td&gt;199.556&lt;/td&gt;&lt;td&gt;29&lt;/td&gt;&lt;/tr&gt; &lt;tr&gt; &lt;td&gt;51230&lt;/td&gt;&lt;td&gt;19669&lt;/td&gt;&lt;td&gt;53.844&lt;/td&gt;&lt;td&gt;199.542&lt;/td&gt;&lt;td&gt;21&lt;/td&gt;&lt;/tr&gt; &lt;tr&gt; &lt;td&gt;51233&lt;/td&gt;&lt;td&gt;19745&lt;/td&gt;&lt;td&gt;56.454&lt;/td&gt;&lt;td&gt;199.472&lt;/td&gt;&lt;td&gt;39&lt;/td&gt;&lt;/tr&gt; &lt;tr&gt;&lt;/table&gt; Total file length :   305.594 Mbytes</subfield>
    </datafield>
  </record>