
  <record>
    <datafield atag="999" ind1=" " ind2=" ">
      <subfield code="9">Marcello Maggi</subfield>
      <subfield code="c">3445064411</subfield>
      <subfield code="s">306847080</subfield>
    </datafield>
    <datafield atag="980" ind1=" " ind2=" ">
      <subfield code="a">Real Data MINI Year 1999</subfield>
    </datafield>
    <datafield atag="856" ind1="4" ind2=" ">
      <subfield code="u">irods://data.repo.cineca.it:1247/CINECA01/home/EUDAT_STAFF/Aleph_Test/ZD4002.96.AL</subfield>
      <subfield code="y">EUDAT</subfield>
    </datafield>
    <datafield atag="856" ind1="4" ind2=" ">
      <subfield code="u">rfio:/castor/cern.ch/aleph/data/ZD4002.96.AL</subfield>
      <subfield code="y">CERN</subfield>
    </datafield>
    <datafield atag="710" ind1=" " ind2=" ">
      <subfield code="g">ALEPH Collaboration</subfield>
    </datafield>
    <datafield atag="245" ind1=" " ind2=" ">
      <subfield code="9">ALEPH</subfield>
      <subfield code="a">LEP2 Data from The ALEPH Collaboration</subfield>
    </datafield>
    <datafield atag="024" ind1="7" ind2=" ">
      <subfield code="2">Handle</subfield>
      <subfield code="a">11100/077b1ece-cbee-11e3-9cc7-e41f13eb41b2
</subfield>
    </datafield>
    <datafield atag="269" ind1=" " ind2=" ">
      <subfield code="c">1999</subfield>
    </datafield>
    <datafield atag="520" ind1=" " ind2=" ">
      <subfield code="9">ALEPH</subfield>
      <subfield code="h">Run contents for this data file &lt;table border=&quot;1&quot;&gt; &lt;tr&gt; &lt;th&gt;Run #&lt;/th&gt;&lt;th&gt;Nevents&lt;/th&gt;&lt;th&gt;Length (Mb)&lt;/th&gt;&lt;th&gt;LEP energy&lt;/th&gt;&lt;th&gt;Nb of Z0s&lt;/th&gt;&lt;/tr&gt; &lt;tr&gt; &lt;td&gt;50652&lt;/td&gt;&lt;td&gt;19143&lt;/td&gt;&lt;td&gt;55.994&lt;/td&gt;&lt;td&gt;199.552&lt;/td&gt;&lt;td&gt;35&lt;/td&gt;&lt;/tr&gt; &lt;tr&gt; &lt;td&gt;51265&lt;/td&gt;&lt;td&gt;19871&lt;/td&gt;&lt;td&gt;52.935&lt;/td&gt;&lt;td&gt;199.570&lt;/td&gt;&lt;td&gt;35&lt;/td&gt;&lt;/tr&gt; &lt;tr&gt; &lt;td&gt;51266&lt;/td&gt;&lt;td&gt;2518&lt;/td&gt;&lt;td&gt;6.199&lt;/td&gt;&lt;td&gt;199.735&lt;/td&gt;&lt;td&gt;4&lt;/td&gt;&lt;/tr&gt; &lt;tr&gt; &lt;td&gt;51268&lt;/td&gt;&lt;td&gt;19532&lt;/td&gt;&lt;td&gt;55.386&lt;/td&gt;&lt;td&gt;199.497&lt;/td&gt;&lt;td&gt;31&lt;/td&gt;&lt;/tr&gt; &lt;tr&gt; &lt;td&gt;51269&lt;/td&gt;&lt;td&gt;19001&lt;/td&gt;&lt;td&gt;52.426&lt;/td&gt;&lt;td&gt;199.492&lt;/td&gt;&lt;td&gt;33&lt;/td&gt;&lt;/tr&gt; &lt;tr&gt; &lt;td&gt;51271&lt;/td&gt;&lt;td&gt;19819&lt;/td&gt;&lt;td&gt;55.966&lt;/td&gt;&lt;td&gt;199.510&lt;/td&gt;&lt;td&gt;34&lt;/td&gt;&lt;/tr&gt; &lt;tr&gt; &lt;td&gt;51272&lt;/td&gt;&lt;td&gt;13772&lt;/td&gt;&lt;td&gt;37.784&lt;/td&gt;&lt;td&gt;199.513&lt;/td&gt;&lt;td&gt;30&lt;/td&gt;&lt;/tr&gt; &lt;tr&gt;&lt;/table&gt; Total file length :   305.594 Mbytes</subfield>
    </datafield>
  </record>