
  <record>
    <datafield atag="999" ind1=" " ind2=" ">
      <subfield code="9">Marcello Maggi</subfield>
      <subfield code="c">3445064411</subfield>
      <subfield code="s">306847080</subfield>
    </datafield>
    <datafield atag="980" ind1=" " ind2=" ">
      <subfield code="a">Real Data MINI Year 1999</subfield>
    </datafield>
    <datafield atag="856" ind1="4" ind2=" ">
      <subfield code="u">irods://data.repo.cineca.it:1247/CINECA01/home/EUDAT_STAFF/Aleph_Test/ZD4002.97.AL</subfield>
      <subfield code="y">EUDAT</subfield>
    </datafield>
    <datafield atag="856" ind1="4" ind2=" ">
      <subfield code="u">rfio:/castor/cern.ch/aleph/data/ZD4002.97.AL</subfield>
      <subfield code="y">CERN</subfield>
    </datafield>
    <datafield atag="710" ind1=" " ind2=" ">
      <subfield code="g">ALEPH Collaboration</subfield>
    </datafield>
    <datafield atag="245" ind1=" " ind2=" ">
      <subfield code="9">ALEPH</subfield>
      <subfield code="a">LEP2 Data from The ALEPH Collaboration</subfield>
    </datafield>
    <datafield atag="024" ind1="7" ind2=" ">
      <subfield code="2">Handle</subfield>
      <subfield code="a">11100/131862d2-cbee-11e3-9e2b-e41f13eb41b2
</subfield>
    </datafield>
    <datafield atag="269" ind1=" " ind2=" ">
      <subfield code="c">1999</subfield>
    </datafield>
    <datafield atag="520" ind1=" " ind2=" ">
      <subfield code="9">ALEPH</subfield>
      <subfield code="h">Run contents for this data file &lt;table border=&quot;1&quot;&gt; &lt;tr&gt; &lt;th&gt;Run #&lt;/th&gt;&lt;th&gt;Nevents&lt;/th&gt;&lt;th&gt;Length (Mb)&lt;/th&gt;&lt;th&gt;LEP energy&lt;/th&gt;&lt;th&gt;Nb of Z0s&lt;/th&gt;&lt;/tr&gt; &lt;tr&gt; &lt;td&gt;50653&lt;/td&gt;&lt;td&gt;17539&lt;/td&gt;&lt;td&gt;48.880&lt;/td&gt;&lt;td&gt;199.557&lt;/td&gt;&lt;td&gt;34&lt;/td&gt;&lt;/tr&gt; &lt;tr&gt; &lt;td&gt;50655&lt;/td&gt;&lt;td&gt;906&lt;/td&gt;&lt;td&gt;2.669&lt;/td&gt;&lt;td&gt;199.579&lt;/td&gt;&lt;td&gt;1&lt;/td&gt;&lt;/tr&gt; &lt;tr&gt; &lt;td&gt;50657&lt;/td&gt;&lt;td&gt;5982&lt;/td&gt;&lt;td&gt;17.341&lt;/td&gt;&lt;td&gt;199.571&lt;/td&gt;&lt;td&gt;11&lt;/td&gt;&lt;/tr&gt; &lt;tr&gt; &lt;td&gt;51274&lt;/td&gt;&lt;td&gt;19914&lt;/td&gt;&lt;td&gt;55.486&lt;/td&gt;&lt;td&gt;199.575&lt;/td&gt;&lt;td&gt;31&lt;/td&gt;&lt;/tr&gt; &lt;tr&gt; &lt;td&gt;51307&lt;/td&gt;&lt;td&gt;19852&lt;/td&gt;&lt;td&gt;55.718&lt;/td&gt;&lt;td&gt;199.530&lt;/td&gt;&lt;td&gt;29&lt;/td&gt;&lt;/tr&gt; &lt;tr&gt; &lt;td&gt;51308&lt;/td&gt;&lt;td&gt;655&lt;/td&gt;&lt;td&gt;1.644&lt;/td&gt;&lt;td&gt;199.818&lt;/td&gt;&lt;td&gt;1&lt;/td&gt;&lt;/tr&gt; &lt;tr&gt; &lt;td&gt;51310&lt;/td&gt;&lt;td&gt;19695&lt;/td&gt;&lt;td&gt;58.238&lt;/td&gt;&lt;td&gt;199.464&lt;/td&gt;&lt;td&gt;37&lt;/td&gt;&lt;/tr&gt; &lt;tr&gt; &lt;td&gt;51311&lt;/td&gt;&lt;td&gt;19640&lt;/td&gt;&lt;td&gt;53.712&lt;/td&gt;&lt;td&gt;199.437&lt;/td&gt;&lt;td&gt;33&lt;/td&gt;&lt;/tr&gt; &lt;tr&gt; &lt;td&gt;51312&lt;/td&gt;&lt;td&gt;105&lt;/td&gt;&lt;td&gt;0.313&lt;/td&gt;&lt;td&gt;199.449&lt;/td&gt;&lt;td&gt;-1&lt;/td&gt;&lt;/tr&gt; &lt;tr&gt; &lt;td&gt;51317&lt;/td&gt;&lt;td&gt;19858&lt;/td&gt;&lt;td&gt;57.216&lt;/td&gt;&lt;td&gt;199.462&lt;/td&gt;&lt;td&gt;24&lt;/td&gt;&lt;/tr&gt; &lt;tr&gt;&lt;/table&gt; Total file length :   305.594 Mbytes</subfield>
    </datafield>
  </record>