
  <record>
    <datafield atag="999" ind1=" " ind2=" ">
      <subfield code="9">Marcello Maggi</subfield>
      <subfield code="c">3445064411</subfield>
      <subfield code="s">306847080</subfield>
    </datafield>
    <datafield atag="980" ind1=" " ind2=" ">
      <subfield code="a">Real Data MINI Year 1999</subfield>
    </datafield>
    <datafield atag="856" ind1="4" ind2=" ">
      <subfield code="u">irods://data.repo.cineca.it:1247/CINECA01/home/EUDAT_STAFF/Aleph_Test/ZD4002.98.AL</subfield>
      <subfield code="y">EUDAT</subfield>
    </datafield>
    <datafield atag="856" ind1="4" ind2=" ">
      <subfield code="u">rfio:/castor/cern.ch/aleph/data/ZD4002.98.AL</subfield>
      <subfield code="y">CERN</subfield>
    </datafield>
    <datafield atag="710" ind1=" " ind2=" ">
      <subfield code="g">ALEPH Collaboration</subfield>
    </datafield>
    <datafield atag="245" ind1=" " ind2=" ">
      <subfield code="9">ALEPH</subfield>
      <subfield code="a">LEP2 Data from The ALEPH Collaboration</subfield>
    </datafield>
    <datafield atag="024" ind1="7" ind2=" ">
      <subfield code="2">Handle</subfield>
      <subfield code="a">11100/1a448d1a-cbee-11e3-8a68-e41f13eb41b2
</subfield>
    </datafield>
    <datafield atag="269" ind1=" " ind2=" ">
      <subfield code="c">1999</subfield>
    </datafield>
    <datafield atag="520" ind1=" " ind2=" ">
      <subfield code="9">ALEPH</subfield>
      <subfield code="h">Run contents for this data file &lt;table border=&quot;1&quot;&gt; &lt;tr&gt; &lt;th&gt;Run #&lt;/th&gt;&lt;th&gt;Nevents&lt;/th&gt;&lt;th&gt;Length (Mb)&lt;/th&gt;&lt;th&gt;LEP energy&lt;/th&gt;&lt;th&gt;Nb of Z0s&lt;/th&gt;&lt;/tr&gt; &lt;tr&gt; &lt;td&gt;51386&lt;/td&gt;&lt;td&gt;19579&lt;/td&gt;&lt;td&gt;56.944&lt;/td&gt;&lt;td&gt;199.481&lt;/td&gt;&lt;td&gt;27&lt;/td&gt;&lt;/tr&gt; &lt;tr&gt; &lt;td&gt;51387&lt;/td&gt;&lt;td&gt;14545&lt;/td&gt;&lt;td&gt;39.816&lt;/td&gt;&lt;td&gt;199.556&lt;/td&gt;&lt;td&gt;20&lt;/td&gt;&lt;/tr&gt; &lt;tr&gt; &lt;td&gt;51389&lt;/td&gt;&lt;td&gt;19666&lt;/td&gt;&lt;td&gt;55.326&lt;/td&gt;&lt;td&gt;199.569&lt;/td&gt;&lt;td&gt;37&lt;/td&gt;&lt;/tr&gt; &lt;tr&gt; &lt;td&gt;51390&lt;/td&gt;&lt;td&gt;19459&lt;/td&gt;&lt;td&gt;49.867&lt;/td&gt;&lt;td&gt;199.731&lt;/td&gt;&lt;td&gt;33&lt;/td&gt;&lt;/tr&gt; &lt;tr&gt; &lt;td&gt;51391&lt;/td&gt;&lt;td&gt;1852&lt;/td&gt;&lt;td&gt;5.176&lt;/td&gt;&lt;td&gt;199.610&lt;/td&gt;&lt;td&gt;3&lt;/td&gt;&lt;/tr&gt; &lt;tr&gt; &lt;td&gt;51393&lt;/td&gt;&lt;td&gt;19971&lt;/td&gt;&lt;td&gt;55.452&lt;/td&gt;&lt;td&gt;199.485&lt;/td&gt;&lt;td&gt;24&lt;/td&gt;&lt;/tr&gt; &lt;tr&gt; &lt;td&gt;51394&lt;/td&gt;&lt;td&gt;18163&lt;/td&gt;&lt;td&gt;48.290&lt;/td&gt;&lt;td&gt;199.460&lt;/td&gt;&lt;td&gt;32&lt;/td&gt;&lt;/tr&gt; &lt;tr&gt;&lt;/table&gt; Total file length :   305.594 Mbytes</subfield>
    </datafield>
  </record>