
  <record>
    <datafield atag="999" ind1=" " ind2=" ">
      <subfield code="9">Marcello Maggi</subfield>
      <subfield code="c">3445064411</subfield>
      <subfield code="s">306847080</subfield>
    </datafield>
    <datafield atag="980" ind1=" " ind2=" ">
      <subfield code="a">Real Data MINI Year 1999</subfield>
    </datafield>
    <datafield atag="856" ind1="4" ind2=" ">
      <subfield code="u">irods://data.repo.cineca.it:1247/CINECA01/home/EUDAT_STAFF/Aleph_Test/ZD4002.99.AL</subfield>
      <subfield code="y">EUDAT</subfield>
    </datafield>
    <datafield atag="856" ind1="4" ind2=" ">
      <subfield code="u">rfio:/castor/cern.ch/aleph/data/ZD4002.99.AL</subfield>
      <subfield code="y">CERN</subfield>
    </datafield>
    <datafield atag="710" ind1=" " ind2=" ">
      <subfield code="g">ALEPH Collaboration</subfield>
    </datafield>
    <datafield atag="245" ind1=" " ind2=" ">
      <subfield code="9">ALEPH</subfield>
      <subfield code="a">LEP2 Data from The ALEPH Collaboration</subfield>
    </datafield>
    <datafield atag="024" ind1="7" ind2=" ">
      <subfield code="2">Handle</subfield>
      <subfield code="a">11100/22515e3e-cbee-11e3-9c13-e41f13eb41b2
</subfield>
    </datafield>
    <datafield atag="269" ind1=" " ind2=" ">
      <subfield code="c">1999</subfield>
    </datafield>
    <datafield atag="520" ind1=" " ind2=" ">
      <subfield code="9">ALEPH</subfield>
      <subfield code="h">Run contents for this data file &lt;table border=&quot;1&quot;&gt; &lt;tr&gt; &lt;th&gt;Run #&lt;/th&gt;&lt;th&gt;Nevents&lt;/th&gt;&lt;th&gt;Length (Mb)&lt;/th&gt;&lt;th&gt;LEP energy&lt;/th&gt;&lt;th&gt;Nb of Z0s&lt;/th&gt;&lt;/tr&gt; &lt;tr&gt; &lt;td&gt;51396&lt;/td&gt;&lt;td&gt;19985&lt;/td&gt;&lt;td&gt;56.533&lt;/td&gt;&lt;td&gt;199.481&lt;/td&gt;&lt;td&gt;33&lt;/td&gt;&lt;/tr&gt; &lt;tr&gt; &lt;td&gt;51397&lt;/td&gt;&lt;td&gt;16629&lt;/td&gt;&lt;td&gt;46.557&lt;/td&gt;&lt;td&gt;199.484&lt;/td&gt;&lt;td&gt;32&lt;/td&gt;&lt;/tr&gt; &lt;tr&gt; &lt;td&gt;51399&lt;/td&gt;&lt;td&gt;1142&lt;/td&gt;&lt;td&gt;4.132&lt;/td&gt;&lt;td&gt;199.482&lt;/td&gt;&lt;td&gt;1&lt;/td&gt;&lt;/tr&gt; &lt;tr&gt; &lt;td&gt;51402&lt;/td&gt;&lt;td&gt;19779&lt;/td&gt;&lt;td&gt;57.403&lt;/td&gt;&lt;td&gt;199.450&lt;/td&gt;&lt;td&gt;27&lt;/td&gt;&lt;/tr&gt; &lt;tr&gt; &lt;td&gt;51403&lt;/td&gt;&lt;td&gt;19793&lt;/td&gt;&lt;td&gt;55.194&lt;/td&gt;&lt;td&gt;199.454&lt;/td&gt;&lt;td&gt;31&lt;/td&gt;&lt;/tr&gt; &lt;tr&gt; &lt;td&gt;51404&lt;/td&gt;&lt;td&gt;8666&lt;/td&gt;&lt;td&gt;22.724&lt;/td&gt;&lt;td&gt;199.452&lt;/td&gt;&lt;td&gt;20&lt;/td&gt;&lt;/tr&gt; &lt;tr&gt; &lt;td&gt;51406&lt;/td&gt;&lt;td&gt;19925&lt;/td&gt;&lt;td&gt;56.877&lt;/td&gt;&lt;td&gt;199.473&lt;/td&gt;&lt;td&gt;27&lt;/td&gt;&lt;/tr&gt; &lt;tr&gt; &lt;td&gt;51407&lt;/td&gt;&lt;td&gt;19909&lt;/td&gt;&lt;td&gt;53.806&lt;/td&gt;&lt;td&gt;199.482&lt;/td&gt;&lt;td&gt;36&lt;/td&gt;&lt;/tr&gt; &lt;tr&gt;&lt;/table&gt; Total file length :   305.594 Mbytes</subfield>
    </datafield>
  </record>