
  <record>
    <datafield atag="999" ind1=" " ind2=" ">
      <subfield code="9">Marcello Maggi</subfield>
      <subfield code="c">3445064411</subfield>
      <subfield code="s">306847080</subfield>
    </datafield>
    <datafield atag="980" ind1=" " ind2=" ">
      <subfield code="a">Real Data MINI Year 1999</subfield>
    </datafield>
    <datafield atag="856" ind1="4" ind2=" ">
      <subfield code="u">irods://data.repo.cineca.it:1247/CINECA01/home/EUDAT_STAFF/Aleph_Test/ZD4003.14.AL</subfield>
      <subfield code="y">EUDAT</subfield>
    </datafield>
    <datafield atag="856" ind1="4" ind2=" ">
      <subfield code="u">rfio:/castor/cern.ch/aleph/data/ZD4003.14.AL</subfield>
      <subfield code="y">CERN</subfield>
    </datafield>
    <datafield atag="710" ind1=" " ind2=" ">
      <subfield code="g">ALEPH Collaboration</subfield>
    </datafield>
    <datafield atag="245" ind1=" " ind2=" ">
      <subfield code="9">ALEPH</subfield>
      <subfield code="a">LEP2 Data from The ALEPH Collaboration</subfield>
    </datafield>
    <datafield atag="024" ind1="7" ind2=" ">
      <subfield code="2">Handle</subfield>
      <subfield code="a">11100/57325946-cbee-11e3-9de2-e41f13eb41b2
</subfield>
    </datafield>
    <datafield atag="269" ind1=" " ind2=" ">
      <subfield code="c">1999</subfield>
    </datafield>
    <datafield atag="520" ind1=" " ind2=" ">
      <subfield code="9">ALEPH</subfield>
      <subfield code="h">Run contents for this data file &lt;table border=&quot;1&quot;&gt; &lt;tr&gt; &lt;th&gt;Run #&lt;/th&gt;&lt;th&gt;Nevents&lt;/th&gt;&lt;th&gt;Length (Mb)&lt;/th&gt;&lt;th&gt;LEP energy&lt;/th&gt;&lt;th&gt;Nb of Z0s&lt;/th&gt;&lt;/tr&gt; &lt;tr&gt; &lt;td&gt;51648&lt;/td&gt;&lt;td&gt;2304&lt;/td&gt;&lt;td&gt;4.930&lt;/td&gt;&lt;td&gt;199.376&lt;/td&gt;&lt;td&gt;-1&lt;/td&gt;&lt;/tr&gt; &lt;tr&gt; &lt;td&gt;51654&lt;/td&gt;&lt;td&gt;3895&lt;/td&gt;&lt;td&gt;9.982&lt;/td&gt;&lt;td&gt;201.428&lt;/td&gt;&lt;td&gt;10&lt;/td&gt;&lt;/tr&gt; &lt;tr&gt; &lt;td&gt;51657&lt;/td&gt;&lt;td&gt;20037&lt;/td&gt;&lt;td&gt;57.022&lt;/td&gt;&lt;td&gt;201.548&lt;/td&gt;&lt;td&gt;18&lt;/td&gt;&lt;/tr&gt; &lt;tr&gt; &lt;td&gt;51658&lt;/td&gt;&lt;td&gt;15471&lt;/td&gt;&lt;td&gt;43.074&lt;/td&gt;&lt;td&gt;201.478&lt;/td&gt;&lt;td&gt;20&lt;/td&gt;&lt;/tr&gt; &lt;tr&gt; &lt;td&gt;51760&lt;/td&gt;&lt;td&gt;10556&lt;/td&gt;&lt;td&gt;26.415&lt;/td&gt;&lt;td&gt;199.391&lt;/td&gt;&lt;td&gt;9&lt;/td&gt;&lt;/tr&gt; &lt;tr&gt; &lt;td&gt;51762&lt;/td&gt;&lt;td&gt;20015&lt;/td&gt;&lt;td&gt;56.578&lt;/td&gt;&lt;td&gt;199.481&lt;/td&gt;&lt;td&gt;31&lt;/td&gt;&lt;/tr&gt; &lt;tr&gt; &lt;td&gt;51763&lt;/td&gt;&lt;td&gt;1133&lt;/td&gt;&lt;td&gt;2.917&lt;/td&gt;&lt;td&gt;199.472&lt;/td&gt;&lt;td&gt;2&lt;/td&gt;&lt;/tr&gt; &lt;tr&gt; &lt;td&gt;51766&lt;/td&gt;&lt;td&gt;1284&lt;/td&gt;&lt;td&gt;3.627&lt;/td&gt;&lt;td&gt;199.629&lt;/td&gt;&lt;td&gt;1&lt;/td&gt;&lt;/tr&gt; &lt;tr&gt; &lt;td&gt;51768&lt;/td&gt;&lt;td&gt;19956&lt;/td&gt;&lt;td&gt;57.833&lt;/td&gt;&lt;td&gt;199.511&lt;/td&gt;&lt;td&gt;32&lt;/td&gt;&lt;/tr&gt; &lt;tr&gt; &lt;td&gt;51769&lt;/td&gt;&lt;td&gt;13859&lt;/td&gt;&lt;td&gt;38.533&lt;/td&gt;&lt;td&gt;199.491&lt;/td&gt;&lt;td&gt;24&lt;/td&gt;&lt;/tr&gt; &lt;tr&gt; &lt;td&gt;51771&lt;/td&gt;&lt;td&gt;920&lt;/td&gt;&lt;td&gt;2.652&lt;/td&gt;&lt;td&gt;200.000&lt;/td&gt;&lt;td&gt;2&lt;/td&gt;&lt;/tr&gt; &lt;tr&gt;&lt;/table&gt; Total file length :   305.594 Mbytes</subfield>
    </datafield>
  </record>