
  <record>
    <datafield atag="999" ind1=" " ind2=" ">
      <subfield code="9">Marcello Maggi</subfield>
      <subfield code="c">3445064411</subfield>
      <subfield code="s">306847080</subfield>
    </datafield>
    <datafield atag="980" ind1=" " ind2=" ">
      <subfield code="a">Real Data MINI Year 1999</subfield>
    </datafield>
    <datafield atag="856" ind1="4" ind2=" ">
      <subfield code="u">irods://data.repo.cineca.it:1247/CINECA01/home/EUDAT_STAFF/Aleph_Test/ZD4003.15.AL</subfield>
      <subfield code="y">EUDAT</subfield>
    </datafield>
    <datafield atag="856" ind1="4" ind2=" ">
      <subfield code="u">rfio:/castor/cern.ch/aleph/data/ZD4003.15.AL</subfield>
      <subfield code="y">CERN</subfield>
    </datafield>
    <datafield atag="710" ind1=" " ind2=" ">
      <subfield code="g">ALEPH Collaboration</subfield>
    </datafield>
    <datafield atag="245" ind1=" " ind2=" ">
      <subfield code="9">ALEPH</subfield>
      <subfield code="a">LEP2 Data from The ALEPH Collaboration</subfield>
    </datafield>
    <datafield atag="024" ind1="7" ind2=" ">
      <subfield code="2">Handle</subfield>
      <subfield code="a">11100/5ea61eec-cbee-11e3-a478-e41f13eb41b2
</subfield>
    </datafield>
    <datafield atag="269" ind1=" " ind2=" ">
      <subfield code="c">1999</subfield>
    </datafield>
    <datafield atag="520" ind1=" " ind2=" ">
      <subfield code="9">ALEPH</subfield>
      <subfield code="h">Run contents for this data file &lt;table border=&quot;1&quot;&gt; &lt;tr&gt; &lt;th&gt;Run #&lt;/th&gt;&lt;th&gt;Nevents&lt;/th&gt;&lt;th&gt;Length (Mb)&lt;/th&gt;&lt;th&gt;LEP energy&lt;/th&gt;&lt;th&gt;Nb of Z0s&lt;/th&gt;&lt;/tr&gt; &lt;tr&gt; &lt;td&gt;51773&lt;/td&gt;&lt;td&gt;4391&lt;/td&gt;&lt;td&gt;12.689&lt;/td&gt;&lt;td&gt;199.504&lt;/td&gt;&lt;td&gt;4&lt;/td&gt;&lt;/tr&gt; &lt;tr&gt; &lt;td&gt;51775&lt;/td&gt;&lt;td&gt;3445&lt;/td&gt;&lt;td&gt;9.992&lt;/td&gt;&lt;td&gt;199.510&lt;/td&gt;&lt;td&gt;6&lt;/td&gt;&lt;/tr&gt; &lt;tr&gt; &lt;td&gt;51777&lt;/td&gt;&lt;td&gt;19763&lt;/td&gt;&lt;td&gt;59.567&lt;/td&gt;&lt;td&gt;199.388&lt;/td&gt;&lt;td&gt;38&lt;/td&gt;&lt;/tr&gt; &lt;tr&gt; &lt;td&gt;51778&lt;/td&gt;&lt;td&gt;6957&lt;/td&gt;&lt;td&gt;20.192&lt;/td&gt;&lt;td&gt;199.392&lt;/td&gt;&lt;td&gt;12&lt;/td&gt;&lt;/tr&gt; &lt;tr&gt; &lt;td&gt;51780&lt;/td&gt;&lt;td&gt;8405&lt;/td&gt;&lt;td&gt;25.547&lt;/td&gt;&lt;td&gt;201.470&lt;/td&gt;&lt;td&gt;22&lt;/td&gt;&lt;/tr&gt; &lt;tr&gt; &lt;td&gt;51782&lt;/td&gt;&lt;td&gt;2090&lt;/td&gt;&lt;td&gt;6.595&lt;/td&gt;&lt;td&gt;201.544&lt;/td&gt;&lt;td&gt;2&lt;/td&gt;&lt;/tr&gt; &lt;tr&gt; &lt;td&gt;51785&lt;/td&gt;&lt;td&gt;15358&lt;/td&gt;&lt;td&gt;43.949&lt;/td&gt;&lt;td&gt;201.684&lt;/td&gt;&lt;td&gt;24&lt;/td&gt;&lt;/tr&gt; &lt;tr&gt; &lt;td&gt;51787&lt;/td&gt;&lt;td&gt;7715&lt;/td&gt;&lt;td&gt;20.041&lt;/td&gt;&lt;td&gt;201.707&lt;/td&gt;&lt;td&gt;8&lt;/td&gt;&lt;/tr&gt; &lt;tr&gt; &lt;td&gt;51789&lt;/td&gt;&lt;td&gt;3052&lt;/td&gt;&lt;td&gt;8.772&lt;/td&gt;&lt;td&gt;201.692&lt;/td&gt;&lt;td&gt;1&lt;/td&gt;&lt;/tr&gt; &lt;tr&gt; &lt;td&gt;51799&lt;/td&gt;&lt;td&gt;6061&lt;/td&gt;&lt;td&gt;18.962&lt;/td&gt;&lt;td&gt;199.451&lt;/td&gt;&lt;td&gt;11&lt;/td&gt;&lt;/tr&gt; &lt;tr&gt; &lt;td&gt;51803&lt;/td&gt;&lt;td&gt;20411&lt;/td&gt;&lt;td&gt;59.134&lt;/td&gt;&lt;td&gt;199.478&lt;/td&gt;&lt;td&gt;26&lt;/td&gt;&lt;/tr&gt; &lt;tr&gt; &lt;td&gt;51804&lt;/td&gt;&lt;td&gt;11867&lt;/td&gt;&lt;td&gt;33.777&lt;/td&gt;&lt;td&gt;199.507&lt;/td&gt;&lt;td&gt;18&lt;/td&gt;&lt;/tr&gt; &lt;tr&gt;&lt;/table&gt; Total file length :   305.594 Mbytes</subfield>
    </datafield>
  </record>