
  <record>
    <datafield atag="999" ind1=" " ind2=" ">
      <subfield code="9">Marcello Maggi</subfield>
      <subfield code="c">3445064411</subfield>
      <subfield code="s">306847080</subfield>
    </datafield>
    <datafield atag="980" ind1=" " ind2=" ">
      <subfield code="a">Real Data MINI Year 1999</subfield>
    </datafield>
    <datafield atag="856" ind1="4" ind2=" ">
      <subfield code="u">irods://data.repo.cineca.it:1247/CINECA01/home/EUDAT_STAFF/Aleph_Test/ZD4003.17.AL</subfield>
      <subfield code="y">EUDAT</subfield>
    </datafield>
    <datafield atag="856" ind1="4" ind2=" ">
      <subfield code="u">rfio:/castor/cern.ch/aleph/data/ZD4003.17.AL</subfield>
      <subfield code="y">CERN</subfield>
    </datafield>
    <datafield atag="710" ind1=" " ind2=" ">
      <subfield code="g">ALEPH Collaboration</subfield>
    </datafield>
    <datafield atag="245" ind1=" " ind2=" ">
      <subfield code="9">ALEPH</subfield>
      <subfield code="a">LEP2 Data from The ALEPH Collaboration</subfield>
    </datafield>
    <datafield atag="024" ind1="7" ind2=" ">
      <subfield code="2">Handle</subfield>
      <subfield code="a">11100/74c59810-cbee-11e3-b65a-e41f13eb41b2
</subfield>
    </datafield>
    <datafield atag="269" ind1=" " ind2=" ">
      <subfield code="c">1999</subfield>
    </datafield>
    <datafield atag="520" ind1=" " ind2=" ">
      <subfield code="9">ALEPH</subfield>
      <subfield code="h">Run contents for this data file &lt;table border=&quot;1&quot;&gt; &lt;tr&gt; &lt;th&gt;Run #&lt;/th&gt;&lt;th&gt;Nevents&lt;/th&gt;&lt;th&gt;Length (Mb)&lt;/th&gt;&lt;th&gt;LEP energy&lt;/th&gt;&lt;th&gt;Nb of Z0s&lt;/th&gt;&lt;/tr&gt; &lt;tr&gt; &lt;td&gt;51818&lt;/td&gt;&lt;td&gt;2484&lt;/td&gt;&lt;td&gt;7.084&lt;/td&gt;&lt;td&gt;201.692&lt;/td&gt;&lt;td&gt;6&lt;/td&gt;&lt;/tr&gt; &lt;tr&gt; &lt;td&gt;51820&lt;/td&gt;&lt;td&gt;5453&lt;/td&gt;&lt;td&gt;16.050&lt;/td&gt;&lt;td&gt;201.656&lt;/td&gt;&lt;td&gt;9&lt;/td&gt;&lt;/tr&gt; &lt;tr&gt; &lt;td&gt;51824&lt;/td&gt;&lt;td&gt;11647&lt;/td&gt;&lt;td&gt;33.390&lt;/td&gt;&lt;td&gt;201.656&lt;/td&gt;&lt;td&gt;22&lt;/td&gt;&lt;/tr&gt; &lt;tr&gt; &lt;td&gt;51826&lt;/td&gt;&lt;td&gt;20144&lt;/td&gt;&lt;td&gt;58.407&lt;/td&gt;&lt;td&gt;201.653&lt;/td&gt;&lt;td&gt;33&lt;/td&gt;&lt;/tr&gt; &lt;tr&gt; &lt;td&gt;51827&lt;/td&gt;&lt;td&gt;18218&lt;/td&gt;&lt;td&gt;49.881&lt;/td&gt;&lt;td&gt;201.644&lt;/td&gt;&lt;td&gt;28&lt;/td&gt;&lt;/tr&gt; &lt;tr&gt; &lt;td&gt;51828&lt;/td&gt;&lt;td&gt;615&lt;/td&gt;&lt;td&gt;1.556&lt;/td&gt;&lt;td&gt;201.590&lt;/td&gt;&lt;td&gt;1&lt;/td&gt;&lt;/tr&gt; &lt;tr&gt; &lt;td&gt;51830&lt;/td&gt;&lt;td&gt;20334&lt;/td&gt;&lt;td&gt;57.514&lt;/td&gt;&lt;td&gt;201.668&lt;/td&gt;&lt;td&gt;31&lt;/td&gt;&lt;/tr&gt; &lt;tr&gt; &lt;td&gt;51831&lt;/td&gt;&lt;td&gt;11721&lt;/td&gt;&lt;td&gt;32.101&lt;/td&gt;&lt;td&gt;201.652&lt;/td&gt;&lt;td&gt;17&lt;/td&gt;&lt;/tr&gt; &lt;tr&gt; &lt;td&gt;51833&lt;/td&gt;&lt;td&gt;20350&lt;/td&gt;&lt;td&gt;58.310&lt;/td&gt;&lt;td&gt;201.661&lt;/td&gt;&lt;td&gt;21&lt;/td&gt;&lt;/tr&gt; &lt;tr&gt;&lt;/table&gt; Total file length :   305.594 Mbytes</subfield>
    </datafield>
  </record>