
  <record>
    <datafield atag="999" ind1=" " ind2=" ">
      <subfield code="9">Marcello Maggi</subfield>
      <subfield code="c">3445064411</subfield>
      <subfield code="s">306847080</subfield>
    </datafield>
    <datafield atag="980" ind1=" " ind2=" ">
      <subfield code="a">Real Data MINI Year 1999</subfield>
    </datafield>
    <datafield atag="856" ind1="4" ind2=" ">
      <subfield code="u">irods://data.repo.cineca.it:1247/CINECA01/home/EUDAT_STAFF/Aleph_Test/ZD4003.18.AL</subfield>
      <subfield code="y">EUDAT</subfield>
    </datafield>
    <datafield atag="856" ind1="4" ind2=" ">
      <subfield code="u">rfio:/castor/cern.ch/aleph/data/ZD4003.18.AL</subfield>
      <subfield code="y">CERN</subfield>
    </datafield>
    <datafield atag="710" ind1=" " ind2=" ">
      <subfield code="g">ALEPH Collaboration</subfield>
    </datafield>
    <datafield atag="245" ind1=" " ind2=" ">
      <subfield code="9">ALEPH</subfield>
      <subfield code="a">LEP2 Data from The ALEPH Collaboration</subfield>
    </datafield>
    <datafield atag="024" ind1="7" ind2=" ">
      <subfield code="2">Handle</subfield>
      <subfield code="a">11100/7c07a6fe-cbee-11e3-aeae-e41f13eb41b2
</subfield>
    </datafield>
    <datafield atag="269" ind1=" " ind2=" ">
      <subfield code="c">1999</subfield>
    </datafield>
    <datafield atag="520" ind1=" " ind2=" ">
      <subfield code="9">ALEPH</subfield>
      <subfield code="h">Run contents for this data file &lt;table border=&quot;1&quot;&gt; &lt;tr&gt; &lt;th&gt;Run #&lt;/th&gt;&lt;th&gt;Nevents&lt;/th&gt;&lt;th&gt;Length (Mb)&lt;/th&gt;&lt;th&gt;LEP energy&lt;/th&gt;&lt;th&gt;Nb of Z0s&lt;/th&gt;&lt;/tr&gt; &lt;tr&gt; &lt;td&gt;51834&lt;/td&gt;&lt;td&gt;16316&lt;/td&gt;&lt;td&gt;44.953&lt;/td&gt;&lt;td&gt;201.656&lt;/td&gt;&lt;td&gt;28&lt;/td&gt;&lt;/tr&gt; &lt;tr&gt; &lt;td&gt;51836&lt;/td&gt;&lt;td&gt;20194&lt;/td&gt;&lt;td&gt;56.740&lt;/td&gt;&lt;td&gt;201.672&lt;/td&gt;&lt;td&gt;29&lt;/td&gt;&lt;/tr&gt; &lt;tr&gt; &lt;td&gt;51837&lt;/td&gt;&lt;td&gt;8203&lt;/td&gt;&lt;td&gt;22.167&lt;/td&gt;&lt;td&gt;201.671&lt;/td&gt;&lt;td&gt;11&lt;/td&gt;&lt;/tr&gt; &lt;tr&gt; &lt;td&gt;51839&lt;/td&gt;&lt;td&gt;20175&lt;/td&gt;&lt;td&gt;57.608&lt;/td&gt;&lt;td&gt;201.680&lt;/td&gt;&lt;td&gt;28&lt;/td&gt;&lt;/tr&gt; &lt;tr&gt; &lt;td&gt;51840&lt;/td&gt;&lt;td&gt;11493&lt;/td&gt;&lt;td&gt;31.018&lt;/td&gt;&lt;td&gt;201.675&lt;/td&gt;&lt;td&gt;16&lt;/td&gt;&lt;/tr&gt; &lt;tr&gt; &lt;td&gt;51845&lt;/td&gt;&lt;td&gt;19742&lt;/td&gt;&lt;td&gt;59.516&lt;/td&gt;&lt;td&gt;201.655&lt;/td&gt;&lt;td&gt;36&lt;/td&gt;&lt;/tr&gt; &lt;tr&gt; &lt;td&gt;51846&lt;/td&gt;&lt;td&gt;13535&lt;/td&gt;&lt;td&gt;38.096&lt;/td&gt;&lt;td&gt;201.535&lt;/td&gt;&lt;td&gt;18&lt;/td&gt;&lt;/tr&gt; &lt;tr&gt;&lt;/table&gt; Total file length :   305.594 Mbytes</subfield>
    </datafield>
  </record>