
  <record>
    <datafield atag="999" ind1=" " ind2=" ">
      <subfield code="9">Marcello Maggi</subfield>
      <subfield code="c">3445064411</subfield>
      <subfield code="s">306847080</subfield>
    </datafield>
    <datafield atag="980" ind1=" " ind2=" ">
      <subfield code="a">Real Data MINI Year 1999</subfield>
    </datafield>
    <datafield atag="856" ind1="4" ind2=" ">
      <subfield code="u">irods://data.repo.cineca.it:1247/CINECA01/home/EUDAT_STAFF/Aleph_Test/ZD4003.20.AL</subfield>
      <subfield code="y">EUDAT</subfield>
    </datafield>
    <datafield atag="856" ind1="4" ind2=" ">
      <subfield code="u">rfio:/castor/cern.ch/aleph/data/ZD4003.20.AL</subfield>
      <subfield code="y">CERN</subfield>
    </datafield>
    <datafield atag="710" ind1=" " ind2=" ">
      <subfield code="g">ALEPH Collaboration</subfield>
    </datafield>
    <datafield atag="245" ind1=" " ind2=" ">
      <subfield code="9">ALEPH</subfield>
      <subfield code="a">LEP2 Data from The ALEPH Collaboration</subfield>
    </datafield>
    <datafield atag="024" ind1="7" ind2=" ">
      <subfield code="2">Handle</subfield>
      <subfield code="a">11100/945302b2-cbee-11e3-b8ec-e41f13eb41b2
</subfield>
    </datafield>
    <datafield atag="269" ind1=" " ind2=" ">
      <subfield code="c">1999</subfield>
    </datafield>
    <datafield atag="520" ind1=" " ind2=" ">
      <subfield code="9">ALEPH</subfield>
      <subfield code="h">Run contents for this data file &lt;table border=&quot;1&quot;&gt; &lt;tr&gt; &lt;th&gt;Run #&lt;/th&gt;&lt;th&gt;Nevents&lt;/th&gt;&lt;th&gt;Length (Mb)&lt;/th&gt;&lt;th&gt;LEP energy&lt;/th&gt;&lt;th&gt;Nb of Z0s&lt;/th&gt;&lt;/tr&gt; &lt;tr&gt; &lt;td&gt;51220&lt;/td&gt;&lt;td&gt;19741&lt;/td&gt;&lt;td&gt;50.892&lt;/td&gt;&lt;td&gt;199.745&lt;/td&gt;&lt;td&gt;24&lt;/td&gt;&lt;/tr&gt; &lt;tr&gt; &lt;td&gt;51221&lt;/td&gt;&lt;td&gt;781&lt;/td&gt;&lt;td&gt;1.962&lt;/td&gt;&lt;td&gt;199.666&lt;/td&gt;&lt;td&gt;-1&lt;/td&gt;&lt;/tr&gt; &lt;tr&gt; &lt;td&gt;51226&lt;/td&gt;&lt;td&gt;19580&lt;/td&gt;&lt;td&gt;55.980&lt;/td&gt;&lt;td&gt;199.553&lt;/td&gt;&lt;td&gt;33&lt;/td&gt;&lt;/tr&gt; &lt;tr&gt; &lt;td&gt;51227&lt;/td&gt;&lt;td&gt;13600&lt;/td&gt;&lt;td&gt;35.619&lt;/td&gt;&lt;td&gt;199.530&lt;/td&gt;&lt;td&gt;15&lt;/td&gt;&lt;/tr&gt; &lt;tr&gt; &lt;td&gt;51318&lt;/td&gt;&lt;td&gt;19996&lt;/td&gt;&lt;td&gt;53.036&lt;/td&gt;&lt;td&gt;199.468&lt;/td&gt;&lt;td&gt;27&lt;/td&gt;&lt;/tr&gt; &lt;tr&gt; &lt;td&gt;51319&lt;/td&gt;&lt;td&gt;7942&lt;/td&gt;&lt;td&gt;20.262&lt;/td&gt;&lt;td&gt;199.431&lt;/td&gt;&lt;td&gt;9&lt;/td&gt;&lt;/tr&gt; &lt;tr&gt; &lt;td&gt;51373&lt;/td&gt;&lt;td&gt;8869&lt;/td&gt;&lt;td&gt;24.232&lt;/td&gt;&lt;td&gt;199.520&lt;/td&gt;&lt;td&gt;20&lt;/td&gt;&lt;/tr&gt; &lt;tr&gt; &lt;td&gt;51376&lt;/td&gt;&lt;td&gt;6095&lt;/td&gt;&lt;td&gt;16.136&lt;/td&gt;&lt;td&gt;199.524&lt;/td&gt;&lt;td&gt;-1&lt;/td&gt;&lt;/tr&gt; &lt;tr&gt; &lt;td&gt;51378&lt;/td&gt;&lt;td&gt;20044&lt;/td&gt;&lt;td&gt;57.065&lt;/td&gt;&lt;td&gt;199.453&lt;/td&gt;&lt;td&gt;37&lt;/td&gt;&lt;/tr&gt; &lt;tr&gt;&lt;/table&gt; Total file length :   305.594 Mbytes</subfield>
    </datafield>
  </record>