
  <record>
    <datafield atag="999" ind1=" " ind2=" ">
      <subfield code="9">Marcello Maggi</subfield>
      <subfield code="c">3445064411</subfield>
      <subfield code="s">306847080</subfield>
    </datafield>
    <datafield atag="980" ind1=" " ind2=" ">
      <subfield code="a">Real Data MINI Year 1999</subfield>
    </datafield>
    <datafield atag="856" ind1="4" ind2=" ">
      <subfield code="u">irods://data.repo.cineca.it:1247/CINECA01/home/EUDAT_STAFF/Aleph_Test/ZD4003.24.AL</subfield>
      <subfield code="y">EUDAT</subfield>
    </datafield>
    <datafield atag="856" ind1="4" ind2=" ">
      <subfield code="u">rfio:/castor/cern.ch/aleph/data/ZD4003.24.AL</subfield>
      <subfield code="y">CERN</subfield>
    </datafield>
    <datafield atag="710" ind1=" " ind2=" ">
      <subfield code="g">ALEPH Collaboration</subfield>
    </datafield>
    <datafield atag="245" ind1=" " ind2=" ">
      <subfield code="9">ALEPH</subfield>
      <subfield code="a">LEP2 Data from The ALEPH Collaboration</subfield>
    </datafield>
    <datafield atag="024" ind1="7" ind2=" ">
      <subfield code="2">Handle</subfield>
      <subfield code="a">11100/b780b248-cbee-11e3-9ace-e41f13eb41b2
</subfield>
    </datafield>
    <datafield atag="269" ind1=" " ind2=" ">
      <subfield code="c">1999</subfield>
    </datafield>
    <datafield atag="520" ind1=" " ind2=" ">
      <subfield code="9">ALEPH</subfield>
      <subfield code="h">Run contents for this data file &lt;table border=&quot;1&quot;&gt; &lt;tr&gt; &lt;th&gt;Run #&lt;/th&gt;&lt;th&gt;Nevents&lt;/th&gt;&lt;th&gt;Length (Mb)&lt;/th&gt;&lt;th&gt;LEP energy&lt;/th&gt;&lt;th&gt;Nb of Z0s&lt;/th&gt;&lt;/tr&gt; &lt;tr&gt; &lt;td&gt;51880&lt;/td&gt;&lt;td&gt;20459&lt;/td&gt;&lt;td&gt;58.991&lt;/td&gt;&lt;td&gt;201.656&lt;/td&gt;&lt;td&gt;41&lt;/td&gt;&lt;/tr&gt; &lt;tr&gt; &lt;td&gt;51881&lt;/td&gt;&lt;td&gt;16263&lt;/td&gt;&lt;td&gt;44.453&lt;/td&gt;&lt;td&gt;201.664&lt;/td&gt;&lt;td&gt;17&lt;/td&gt;&lt;/tr&gt; &lt;tr&gt; &lt;td&gt;51883&lt;/td&gt;&lt;td&gt;20309&lt;/td&gt;&lt;td&gt;57.801&lt;/td&gt;&lt;td&gt;201.700&lt;/td&gt;&lt;td&gt;45&lt;/td&gt;&lt;/tr&gt; &lt;tr&gt; &lt;td&gt;51887&lt;/td&gt;&lt;td&gt;20297&lt;/td&gt;&lt;td&gt;59.542&lt;/td&gt;&lt;td&gt;201.658&lt;/td&gt;&lt;td&gt;35&lt;/td&gt;&lt;/tr&gt; &lt;tr&gt; &lt;td&gt;51888&lt;/td&gt;&lt;td&gt;8755&lt;/td&gt;&lt;td&gt;25.196&lt;/td&gt;&lt;td&gt;201.574&lt;/td&gt;&lt;td&gt;15&lt;/td&gt;&lt;/tr&gt; &lt;tr&gt; &lt;td&gt;51890&lt;/td&gt;&lt;td&gt;8318&lt;/td&gt;&lt;td&gt;24.877&lt;/td&gt;&lt;td&gt;201.659&lt;/td&gt;&lt;td&gt;15&lt;/td&gt;&lt;/tr&gt; &lt;tr&gt; &lt;td&gt;51892&lt;/td&gt;&lt;td&gt;20114&lt;/td&gt;&lt;td&gt;60.491&lt;/td&gt;&lt;td&gt;201.638&lt;/td&gt;&lt;td&gt;26&lt;/td&gt;&lt;/tr&gt; &lt;tr&gt;&lt;/table&gt; Total file length :   305.594 Mbytes</subfield>
    </datafield>
  </record>