
  <record>
    <datafield atag="999" ind1=" " ind2=" ">
      <subfield code="9">Marcello Maggi</subfield>
      <subfield code="c">3445064411</subfield>
      <subfield code="s">306847080</subfield>
    </datafield>
    <datafield atag="980" ind1=" " ind2=" ">
      <subfield code="a">Real Data MINI Year 1999</subfield>
    </datafield>
    <datafield atag="856" ind1="4" ind2=" ">
      <subfield code="u">irods://data.repo.cineca.it:1247/CINECA01/home/EUDAT_STAFF/Aleph_Test/ZD4003.25.AL</subfield>
      <subfield code="y">EUDAT</subfield>
    </datafield>
    <datafield atag="856" ind1="4" ind2=" ">
      <subfield code="u">rfio:/castor/cern.ch/aleph/data/ZD4003.25.AL</subfield>
      <subfield code="y">CERN</subfield>
    </datafield>
    <datafield atag="710" ind1=" " ind2=" ">
      <subfield code="g">ALEPH Collaboration</subfield>
    </datafield>
    <datafield atag="245" ind1=" " ind2=" ">
      <subfield code="9">ALEPH</subfield>
      <subfield code="a">LEP2 Data from The ALEPH Collaboration</subfield>
    </datafield>
    <datafield atag="024" ind1="7" ind2=" ">
      <subfield code="2">Handle</subfield>
      <subfield code="a">11100/c1e9a0a0-cbee-11e3-86e4-e41f13eb41b2
</subfield>
    </datafield>
    <datafield atag="269" ind1=" " ind2=" ">
      <subfield code="c">1999</subfield>
    </datafield>
    <datafield atag="520" ind1=" " ind2=" ">
      <subfield code="9">ALEPH</subfield>
      <subfield code="h">Run contents for this data file &lt;table border=&quot;1&quot;&gt; &lt;tr&gt; &lt;th&gt;Run #&lt;/th&gt;&lt;th&gt;Nevents&lt;/th&gt;&lt;th&gt;Length (Mb)&lt;/th&gt;&lt;th&gt;LEP energy&lt;/th&gt;&lt;th&gt;Nb of Z0s&lt;/th&gt;&lt;/tr&gt; &lt;tr&gt; &lt;td&gt;50648&lt;/td&gt;&lt;td&gt;19004&lt;/td&gt;&lt;td&gt;53.636&lt;/td&gt;&lt;td&gt;199.579&lt;/td&gt;&lt;td&gt;35&lt;/td&gt;&lt;/tr&gt; &lt;tr&gt; &lt;td&gt;50649&lt;/td&gt;&lt;td&gt;3464&lt;/td&gt;&lt;td&gt;9.247&lt;/td&gt;&lt;td&gt;199.573&lt;/td&gt;&lt;td&gt;9&lt;/td&gt;&lt;/tr&gt; &lt;tr&gt; &lt;td&gt;50663&lt;/td&gt;&lt;td&gt;7125&lt;/td&gt;&lt;td&gt;19.430&lt;/td&gt;&lt;td&gt;199.556&lt;/td&gt;&lt;td&gt;10&lt;/td&gt;&lt;/tr&gt; &lt;tr&gt; &lt;td&gt;50665&lt;/td&gt;&lt;td&gt;18811&lt;/td&gt;&lt;td&gt;52.264&lt;/td&gt;&lt;td&gt;199.567&lt;/td&gt;&lt;td&gt;29&lt;/td&gt;&lt;/tr&gt; &lt;tr&gt; &lt;td&gt;50798&lt;/td&gt;&lt;td&gt;11589&lt;/td&gt;&lt;td&gt;31.425&lt;/td&gt;&lt;td&gt;199.526&lt;/td&gt;&lt;td&gt;17&lt;/td&gt;&lt;/tr&gt; &lt;tr&gt; &lt;td&gt;50800&lt;/td&gt;&lt;td&gt;18989&lt;/td&gt;&lt;td&gt;53.433&lt;/td&gt;&lt;td&gt;199.551&lt;/td&gt;&lt;td&gt;22&lt;/td&gt;&lt;/tr&gt; &lt;tr&gt; &lt;td&gt;50801&lt;/td&gt;&lt;td&gt;3956&lt;/td&gt;&lt;td&gt;11.155&lt;/td&gt;&lt;td&gt;199.559&lt;/td&gt;&lt;td&gt;2&lt;/td&gt;&lt;/tr&gt; &lt;tr&gt; &lt;td&gt;50803&lt;/td&gt;&lt;td&gt;18893&lt;/td&gt;&lt;td&gt;54.232&lt;/td&gt;&lt;td&gt;199.574&lt;/td&gt;&lt;td&gt;33&lt;/td&gt;&lt;/tr&gt; &lt;tr&gt; &lt;td&gt;51893&lt;/td&gt;&lt;td&gt;19594&lt;/td&gt;&lt;td&gt;55.919&lt;/td&gt;&lt;td&gt;201.562&lt;/td&gt;&lt;td&gt;33&lt;/td&gt;&lt;/tr&gt; &lt;tr&gt;&lt;/table&gt; Total file length :   305.594 Mbytes</subfield>
    </datafield>
  </record>