
  <record>
    <datafield atag="999" ind1=" " ind2=" ">
      <subfield code="9">Marcello Maggi</subfield>
      <subfield code="c">3445064411</subfield>
      <subfield code="s">306847080</subfield>
    </datafield>
    <datafield atag="980" ind1=" " ind2=" ">
      <subfield code="a">Real Data MINI Year 1999</subfield>
    </datafield>
    <datafield atag="856" ind1="4" ind2=" ">
      <subfield code="u">irods://data.repo.cineca.it:1247/CINECA01/home/EUDAT_STAFF/Aleph_Test/ZD4003.26.AL</subfield>
      <subfield code="y">EUDAT</subfield>
    </datafield>
    <datafield atag="856" ind1="4" ind2=" ">
      <subfield code="u">rfio:/castor/cern.ch/aleph/data/ZD4003.26.AL</subfield>
      <subfield code="y">CERN</subfield>
    </datafield>
    <datafield atag="710" ind1=" " ind2=" ">
      <subfield code="g">ALEPH Collaboration</subfield>
    </datafield>
    <datafield atag="245" ind1=" " ind2=" ">
      <subfield code="9">ALEPH</subfield>
      <subfield code="a">LEP2 Data from The ALEPH Collaboration</subfield>
    </datafield>
    <datafield atag="024" ind1="7" ind2=" ">
      <subfield code="2">Handle</subfield>
      <subfield code="a">11100/c937e434-cbee-11e3-b831-e41f13eb41b2
</subfield>
    </datafield>
    <datafield atag="269" ind1=" " ind2=" ">
      <subfield code="c">1999</subfield>
    </datafield>
    <datafield atag="520" ind1=" " ind2=" ">
      <subfield code="9">ALEPH</subfield>
      <subfield code="h">Run contents for this data file &lt;table border=&quot;1&quot;&gt; &lt;tr&gt; &lt;th&gt;Run #&lt;/th&gt;&lt;th&gt;Nevents&lt;/th&gt;&lt;th&gt;Length (Mb)&lt;/th&gt;&lt;th&gt;LEP energy&lt;/th&gt;&lt;th&gt;Nb of Z0s&lt;/th&gt;&lt;/tr&gt; &lt;tr&gt; &lt;td&gt;51894&lt;/td&gt;&lt;td&gt;121&lt;/td&gt;&lt;td&gt;0.282&lt;/td&gt;&lt;td&gt;201.591&lt;/td&gt;&lt;td&gt;-1&lt;/td&gt;&lt;/tr&gt; &lt;tr&gt; &lt;td&gt;51917&lt;/td&gt;&lt;td&gt;7698&lt;/td&gt;&lt;td&gt;19.436&lt;/td&gt;&lt;td&gt;201.591&lt;/td&gt;&lt;td&gt;16&lt;/td&gt;&lt;/tr&gt; &lt;tr&gt; &lt;td&gt;51919&lt;/td&gt;&lt;td&gt;4292&lt;/td&gt;&lt;td&gt;11.626&lt;/td&gt;&lt;td&gt;201.627&lt;/td&gt;&lt;td&gt;5&lt;/td&gt;&lt;/tr&gt; &lt;tr&gt; &lt;td&gt;51921&lt;/td&gt;&lt;td&gt;2059&lt;/td&gt;&lt;td&gt;6.211&lt;/td&gt;&lt;td&gt;201.704&lt;/td&gt;&lt;td&gt;3&lt;/td&gt;&lt;/tr&gt; &lt;tr&gt; &lt;td&gt;51923&lt;/td&gt;&lt;td&gt;6193&lt;/td&gt;&lt;td&gt;17.835&lt;/td&gt;&lt;td&gt;201.699&lt;/td&gt;&lt;td&gt;11&lt;/td&gt;&lt;/tr&gt; &lt;tr&gt; &lt;td&gt;51926&lt;/td&gt;&lt;td&gt;20228&lt;/td&gt;&lt;td&gt;60.193&lt;/td&gt;&lt;td&gt;201.702&lt;/td&gt;&lt;td&gt;39&lt;/td&gt;&lt;/tr&gt; &lt;tr&gt; &lt;td&gt;51927&lt;/td&gt;&lt;td&gt;10430&lt;/td&gt;&lt;td&gt;29.473&lt;/td&gt;&lt;td&gt;201.547&lt;/td&gt;&lt;td&gt;18&lt;/td&gt;&lt;/tr&gt; &lt;tr&gt; &lt;td&gt;51937&lt;/td&gt;&lt;td&gt;20294&lt;/td&gt;&lt;td&gt;63.513&lt;/td&gt;&lt;td&gt;199.395&lt;/td&gt;&lt;td&gt;39&lt;/td&gt;&lt;/tr&gt; &lt;tr&gt; &lt;td&gt;51938&lt;/td&gt;&lt;td&gt;15132&lt;/td&gt;&lt;td&gt;45.151&lt;/td&gt;&lt;td&gt;199.369&lt;/td&gt;&lt;td&gt;29&lt;/td&gt;&lt;/tr&gt; &lt;tr&gt; &lt;td&gt;51940&lt;/td&gt;&lt;td&gt;20649&lt;/td&gt;&lt;td&gt;64.493&lt;/td&gt;&lt;td&gt;199.303&lt;/td&gt;&lt;td&gt;37&lt;/td&gt;&lt;/tr&gt; &lt;tr&gt;&lt;/table&gt; Total file length :   305.594 Mbytes</subfield>
    </datafield>
  </record>