
  <record>
    <datafield atag="999" ind1=" " ind2=" ">
      <subfield code="9">Marcello Maggi</subfield>
      <subfield code="c">3445064411</subfield>
      <subfield code="s">306847080</subfield>
    </datafield>
    <datafield atag="980" ind1=" " ind2=" ">
      <subfield code="a">Real Data MINI Year 1999</subfield>
    </datafield>
    <datafield atag="856" ind1="4" ind2=" ">
      <subfield code="u">irods://data.repo.cineca.it:1247/CINECA01/home/EUDAT_STAFF/Aleph_Test/ZD4003.4.AL</subfield>
      <subfield code="y">EUDAT</subfield>
    </datafield>
    <datafield atag="856" ind1="4" ind2=" ">
      <subfield code="u">rfio:/castor/cern.ch/aleph/data/ZD4003.4.AL</subfield>
      <subfield code="y">CERN</subfield>
    </datafield>
    <datafield atag="710" ind1=" " ind2=" ">
      <subfield code="g">ALEPH Collaboration</subfield>
    </datafield>
    <datafield atag="245" ind1=" " ind2=" ">
      <subfield code="9">ALEPH</subfield>
      <subfield code="a">LEP2 Data from The ALEPH Collaboration</subfield>
    </datafield>
    <datafield atag="024" ind1="7" ind2=" ">
      <subfield code="2">Handle</subfield>
      <subfield code="a">11100/5422a5ca-cbef-11e3-89c6-e41f13eb41b2
</subfield>
    </datafield>
    <datafield atag="269" ind1=" " ind2=" ">
      <subfield code="c">1999</subfield>
    </datafield>
    <datafield atag="520" ind1=" " ind2=" ">
      <subfield code="9">ALEPH</subfield>
      <subfield code="h">Run contents for this data file &lt;table border=&quot;1&quot;&gt; &lt;tr&gt; &lt;th&gt;Run #&lt;/th&gt;&lt;th&gt;Nevents&lt;/th&gt;&lt;th&gt;Length (Mb)&lt;/th&gt;&lt;th&gt;LEP energy&lt;/th&gt;&lt;th&gt;Nb of Z0s&lt;/th&gt;&lt;/tr&gt; &lt;tr&gt; &lt;td&gt;51446&lt;/td&gt;&lt;td&gt;3858&lt;/td&gt;&lt;td&gt;9.574&lt;/td&gt;&lt;td&gt;199.422&lt;/td&gt;&lt;td&gt;5&lt;/td&gt;&lt;/tr&gt; &lt;tr&gt; &lt;td&gt;51456&lt;/td&gt;&lt;td&gt;18266&lt;/td&gt;&lt;td&gt;50.896&lt;/td&gt;&lt;td&gt;199.545&lt;/td&gt;&lt;td&gt;30&lt;/td&gt;&lt;/tr&gt; &lt;tr&gt; &lt;td&gt;51458&lt;/td&gt;&lt;td&gt;5830&lt;/td&gt;&lt;td&gt;15.267&lt;/td&gt;&lt;td&gt;199.662&lt;/td&gt;&lt;td&gt;11&lt;/td&gt;&lt;/tr&gt; &lt;tr&gt; &lt;td&gt;51460&lt;/td&gt;&lt;td&gt;1090&lt;/td&gt;&lt;td&gt;3.078&lt;/td&gt;&lt;td&gt;199.626&lt;/td&gt;&lt;td&gt;1&lt;/td&gt;&lt;/tr&gt; &lt;tr&gt; &lt;td&gt;51462&lt;/td&gt;&lt;td&gt;19793&lt;/td&gt;&lt;td&gt;56.228&lt;/td&gt;&lt;td&gt;199.459&lt;/td&gt;&lt;td&gt;32&lt;/td&gt;&lt;/tr&gt; &lt;tr&gt; &lt;td&gt;51463&lt;/td&gt;&lt;td&gt;19833&lt;/td&gt;&lt;td&gt;54.169&lt;/td&gt;&lt;td&gt;199.440&lt;/td&gt;&lt;td&gt;28&lt;/td&gt;&lt;/tr&gt; &lt;tr&gt; &lt;td&gt;51464&lt;/td&gt;&lt;td&gt;2998&lt;/td&gt;&lt;td&gt;7.885&lt;/td&gt;&lt;td&gt;199.437&lt;/td&gt;&lt;td&gt;7&lt;/td&gt;&lt;/tr&gt; &lt;tr&gt; &lt;td&gt;51467&lt;/td&gt;&lt;td&gt;19575&lt;/td&gt;&lt;td&gt;55.673&lt;/td&gt;&lt;td&gt;199.453&lt;/td&gt;&lt;td&gt;33&lt;/td&gt;&lt;/tr&gt; &lt;tr&gt; &lt;td&gt;51468&lt;/td&gt;&lt;td&gt;11402&lt;/td&gt;&lt;td&gt;30.603&lt;/td&gt;&lt;td&gt;199.448&lt;/td&gt;&lt;td&gt;18&lt;/td&gt;&lt;/tr&gt; &lt;tr&gt; &lt;td&gt;51524&lt;/td&gt;&lt;td&gt;18610&lt;/td&gt;&lt;td&gt;43.951&lt;/td&gt;&lt;td&gt;199.764&lt;/td&gt;&lt;td&gt;21&lt;/td&gt;&lt;/tr&gt; &lt;tr&gt;&lt;/table&gt; Total file length :   305.594 Mbytes</subfield>
    </datafield>
  </record>