
  <record>
    <datafield atag="999" ind1=" " ind2=" ">
      <subfield code="9">Marcello Maggi</subfield>
      <subfield code="c">3445064411</subfield>
      <subfield code="s">306847080</subfield>
    </datafield>
    <datafield atag="980" ind1=" " ind2=" ">
      <subfield code="a">Real Data MINI Year 1999</subfield>
    </datafield>
    <datafield atag="856" ind1="4" ind2=" ">
      <subfield code="u">irods://data.repo.cineca.it:1247/CINECA01/home/EUDAT_STAFF/Aleph_Test/ZD4003.5.AL</subfield>
      <subfield code="y">EUDAT</subfield>
    </datafield>
    <datafield atag="856" ind1="4" ind2=" ">
      <subfield code="u">rfio:/castor/cern.ch/aleph/data/ZD4003.5.AL</subfield>
      <subfield code="y">CERN</subfield>
    </datafield>
    <datafield atag="710" ind1=" " ind2=" ">
      <subfield code="g">ALEPH Collaboration</subfield>
    </datafield>
    <datafield atag="245" ind1=" " ind2=" ">
      <subfield code="9">ALEPH</subfield>
      <subfield code="a">LEP2 Data from The ALEPH Collaboration</subfield>
    </datafield>
    <datafield atag="024" ind1="7" ind2=" ">
      <subfield code="2">Handle</subfield>
      <subfield code="a">11100/bc146d30-cbef-11e3-9cc7-e41f13eb41b2
</subfield>
    </datafield>
    <datafield atag="269" ind1=" " ind2=" ">
      <subfield code="c">1999</subfield>
    </datafield>
    <datafield atag="520" ind1=" " ind2=" ">
      <subfield code="9">ALEPH</subfield>
      <subfield code="h">Run contents for this data file &lt;table border=&quot;1&quot;&gt; &lt;tr&gt; &lt;th&gt;Run #&lt;/th&gt;&lt;th&gt;Nevents&lt;/th&gt;&lt;th&gt;Length (Mb)&lt;/th&gt;&lt;th&gt;LEP energy&lt;/th&gt;&lt;th&gt;Nb of Z0s&lt;/th&gt;&lt;/tr&gt; &lt;tr&gt; &lt;td&gt;51055&lt;/td&gt;&lt;td&gt;18893&lt;/td&gt;&lt;td&gt;52.070&lt;/td&gt;&lt;td&gt;199.607&lt;/td&gt;&lt;td&gt;27&lt;/td&gt;&lt;/tr&gt; &lt;tr&gt; &lt;td&gt;51064&lt;/td&gt;&lt;td&gt;3536&lt;/td&gt;&lt;td&gt;10.636&lt;/td&gt;&lt;td&gt;199.567&lt;/td&gt;&lt;td&gt;14&lt;/td&gt;&lt;/tr&gt; &lt;tr&gt; &lt;td&gt;51065&lt;/td&gt;&lt;td&gt;19389&lt;/td&gt;&lt;td&gt;52.850&lt;/td&gt;&lt;td&gt;199.565&lt;/td&gt;&lt;td&gt;36&lt;/td&gt;&lt;/tr&gt; &lt;tr&gt; &lt;td&gt;51066&lt;/td&gt;&lt;td&gt;6871&lt;/td&gt;&lt;td&gt;17.952&lt;/td&gt;&lt;td&gt;199.576&lt;/td&gt;&lt;td&gt;13&lt;/td&gt;&lt;/tr&gt; &lt;tr&gt; &lt;td&gt;51525&lt;/td&gt;&lt;td&gt;1527&lt;/td&gt;&lt;td&gt;3.648&lt;/td&gt;&lt;td&gt;199.888&lt;/td&gt;&lt;td&gt;2&lt;/td&gt;&lt;/tr&gt; &lt;tr&gt; &lt;td&gt;51526&lt;/td&gt;&lt;td&gt;14517&lt;/td&gt;&lt;td&gt;32.818&lt;/td&gt;&lt;td&gt;199.883&lt;/td&gt;&lt;td&gt;20&lt;/td&gt;&lt;/tr&gt; &lt;tr&gt; &lt;td&gt;51528&lt;/td&gt;&lt;td&gt;10403&lt;/td&gt;&lt;td&gt;25.228&lt;/td&gt;&lt;td&gt;199.577&lt;/td&gt;&lt;td&gt;13&lt;/td&gt;&lt;/tr&gt; &lt;tr&gt; &lt;td&gt;51529&lt;/td&gt;&lt;td&gt;6476&lt;/td&gt;&lt;td&gt;15.728&lt;/td&gt;&lt;td&gt;199.524&lt;/td&gt;&lt;td&gt;9&lt;/td&gt;&lt;/tr&gt; &lt;tr&gt; &lt;td&gt;51531&lt;/td&gt;&lt;td&gt;11483&lt;/td&gt;&lt;td&gt;26.588&lt;/td&gt;&lt;td&gt;199.583&lt;/td&gt;&lt;td&gt;8&lt;/td&gt;&lt;/tr&gt; &lt;tr&gt; &lt;td&gt;51532&lt;/td&gt;&lt;td&gt;4529&lt;/td&gt;&lt;td&gt;10.394&lt;/td&gt;&lt;td&gt;199.613&lt;/td&gt;&lt;td&gt;3&lt;/td&gt;&lt;/tr&gt; &lt;tr&gt; &lt;td&gt;51533&lt;/td&gt;&lt;td&gt;3944&lt;/td&gt;&lt;td&gt;9.499&lt;/td&gt;&lt;td&gt;199.568&lt;/td&gt;&lt;td&gt;13&lt;/td&gt;&lt;/tr&gt; &lt;tr&gt; &lt;td&gt;51535&lt;/td&gt;&lt;td&gt;20492&lt;/td&gt;&lt;td&gt;57.512&lt;/td&gt;&lt;td&gt;199.471&lt;/td&gt;&lt;td&gt;33&lt;/td&gt;&lt;/tr&gt; &lt;tr&gt;&lt;/table&gt; Total file length :   305.594 Mbytes</subfield>
    </datafield>
  </record>