
  <record>
    <datafield atag="999" ind1=" " ind2=" ">
      <subfield code="9">Marcello Maggi</subfield>
      <subfield code="c">3445064411</subfield>
      <subfield code="s">306847080</subfield>
    </datafield>
    <datafield atag="980" ind1=" " ind2=" ">
      <subfield code="a">Real Data MINI Year 1999</subfield>
    </datafield>
    <datafield atag="856" ind1="4" ind2=" ">
      <subfield code="u">irods://data.repo.cineca.it:1247/CINECA01/home/EUDAT_STAFF/Aleph_Test/ZD4003.8.AL</subfield>
      <subfield code="y">EUDAT</subfield>
    </datafield>
    <datafield atag="856" ind1="4" ind2=" ">
      <subfield code="u">rfio:/castor/cern.ch/aleph/data/ZD4003.8.AL</subfield>
      <subfield code="y">CERN</subfield>
    </datafield>
    <datafield atag="710" ind1=" " ind2=" ">
      <subfield code="g">ALEPH Collaboration</subfield>
    </datafield>
    <datafield atag="245" ind1=" " ind2=" ">
      <subfield code="9">ALEPH</subfield>
      <subfield code="a">LEP2 Data from The ALEPH Collaboration</subfield>
    </datafield>
    <datafield atag="024" ind1="7" ind2=" ">
      <subfield code="2">Handle</subfield>
      <subfield code="a">11100/ee45cdc0-cbf0-11e3-b15e-e41f13eb41b2
</subfield>
    </datafield>
    <datafield atag="269" ind1=" " ind2=" ">
      <subfield code="c">1999</subfield>
    </datafield>
    <datafield atag="520" ind1=" " ind2=" ">
      <subfield code="9">ALEPH</subfield>
      <subfield code="h">Run contents for this data file &lt;table border=&quot;1&quot;&gt; &lt;tr&gt; &lt;th&gt;Run #&lt;/th&gt;&lt;th&gt;Nevents&lt;/th&gt;&lt;th&gt;Length (Mb)&lt;/th&gt;&lt;th&gt;LEP energy&lt;/th&gt;&lt;th&gt;Nb of Z0s&lt;/th&gt;&lt;/tr&gt; &lt;tr&gt; &lt;td&gt;51157&lt;/td&gt;&lt;td&gt;7056&lt;/td&gt;&lt;td&gt;11.670&lt;/td&gt;&lt;td&gt;199.566&lt;/td&gt;&lt;td&gt;3&lt;/td&gt;&lt;/tr&gt; &lt;tr&gt; &lt;td&gt;51183&lt;/td&gt;&lt;td&gt;7757&lt;/td&gt;&lt;td&gt;20.572&lt;/td&gt;&lt;td&gt;199.540&lt;/td&gt;&lt;td&gt;9&lt;/td&gt;&lt;/tr&gt; &lt;tr&gt; &lt;td&gt;51187&lt;/td&gt;&lt;td&gt;19331&lt;/td&gt;&lt;td&gt;51.637&lt;/td&gt;&lt;td&gt;199.592&lt;/td&gt;&lt;td&gt;23&lt;/td&gt;&lt;/tr&gt; &lt;tr&gt; &lt;td&gt;51188&lt;/td&gt;&lt;td&gt;17259&lt;/td&gt;&lt;td&gt;43.136&lt;/td&gt;&lt;td&gt;199.537&lt;/td&gt;&lt;td&gt;14&lt;/td&gt;&lt;/tr&gt; &lt;tr&gt; &lt;td&gt;51189&lt;/td&gt;&lt;td&gt;3276&lt;/td&gt;&lt;td&gt;8.573&lt;/td&gt;&lt;td&gt;199.533&lt;/td&gt;&lt;td&gt;6&lt;/td&gt;&lt;/tr&gt; &lt;tr&gt; &lt;td&gt;51191&lt;/td&gt;&lt;td&gt;19642&lt;/td&gt;&lt;td&gt;55.028&lt;/td&gt;&lt;td&gt;199.539&lt;/td&gt;&lt;td&gt;20&lt;/td&gt;&lt;/tr&gt; &lt;tr&gt; &lt;td&gt;51215&lt;/td&gt;&lt;td&gt;19831&lt;/td&gt;&lt;td&gt;54.920&lt;/td&gt;&lt;td&gt;199.499&lt;/td&gt;&lt;td&gt;38&lt;/td&gt;&lt;/tr&gt; &lt;tr&gt; &lt;td&gt;51216&lt;/td&gt;&lt;td&gt;1572&lt;/td&gt;&lt;td&gt;3.571&lt;/td&gt;&lt;td&gt;199.851&lt;/td&gt;&lt;td&gt;-1&lt;/td&gt;&lt;/tr&gt; &lt;tr&gt; &lt;td&gt;51219&lt;/td&gt;&lt;td&gt;19603&lt;/td&gt;&lt;td&gt;54.791&lt;/td&gt;&lt;td&gt;199.749&lt;/td&gt;&lt;td&gt;31&lt;/td&gt;&lt;/tr&gt; &lt;tr&gt;&lt;/table&gt; Total file length :   305.594 Mbytes</subfield>
    </datafield>
  </record>